3606 5426
285 393 372 452 Titull
388 395 564 466 sepulcrales.
584 427 615 435 -
635 395 761 452 Honores
773 400 953 453 mortuorum.
971 396 1301 469 retrocessionem.
1375 397 1437 457 917

149 561 322 650 possideat’.
344 582 391 650 (ln
404 585 501 651 taem)
516 569 658 658 deluntus
673 569 736 630 XVl
752 569 808 631 kal.
825 571 894 632 llec.
915 570 920 652 Ι
940 570 991 634 dn.
1008 570 1131 633 Arcadio
1148 576 1221 652 Aug.
1238 583 1268 634 et
1283 573 1409 635 Bautoni
1430 569 1436 658 Ι

149 689 177 731 v.
201 689 227 732 c.
252 669 364 733 conss!
383 668 388 753 Ι
407 671 462 733 nd.
485 671 533 733 die
555 671 593 731 lv
616 691 712 734 nonas
734 672 806 734 Mar.
825 671 829 757 Ι
851 693 928 735 coss.
951 673 1003 735 ss.⁰

237 773 378 823 Praeneste
390 788 455 838 rep„
474 775 521 824 reli
532 771 623 834 sorum
637 773 730 838 oppidi
741 771 827 834 subse
838 779 963 839 pretatur,
980 780 1019 826 est
1030 775 1129 826 Romae
1141 774 1296 844 (trtVtsst
1309 775 1389 842 otdt).
1404 805 1438 815 -

150 859 176 918 1)
195 856 365 908 Clarissima
376 859 521 908 memoriae
534 861 601 908 uiro.
619 885 655 896 —
672 860 700 923 2)
720 858 830 925 Quique.
842 888 878 898 -·-
896 862 921 924 3)
939 861 993 912 sn.
1007 889 1039 898 -
1058 863 1085 920 4)
1104 862 1279 914 Praenestini.
1297 889 1332 900 -
1350 865 1376 925 5)
1394 859 1438 915 Sc.

146 957 249 995 mus.
261 971 295 980 -
314 943 340 1008 6)
351 942 512 1007 Exemplum
524 945 676 994 testamenta*
684 947 782 1008 parlt's.
794 973 829 983 -
846 946 874 1008 l)
887 945 1072 998 Distrallerrdi.
1086 975 1116 982 —
1137 949 1162 1008 8)
1175 947 1208 997 A.
1219 964 1246 1013 p.
1260 946 1320 999 car.
1329 949 1391 999 385.
1403 973 1438 984 -·

148 1031 177 1092 9)
194 1027 396 1093 Suprnscriptis
412 1026 474 1094 (sed
489 1026 687 1092 intellegantur
705 1029 826 1079 camsiles
843 1030 1052 1097 adaequantes).

729 1119 813 1124 -.——-
823 1119 1000 1126 --..--.-..
1009 1121 1014 1125 .
1249 1121 1436 1129 *ω*

235 1146 322 1218 176
368 1147 530 1234 [drlleoii¹.
550 1146 556 1230 Ι
576 1151 608 1214 P.
625 1151 725 1214 delius
741 1151 920 1232 Apollinaris
934 1154 1082 1228 drlenius‚
1108 1165 1194 1215 natus
1216 1155 1263 1216 die
1284 1149 1289 1236 Ι
1309 1153 1362 1214 llll
1377 1152 1435 1215 kal.

147 1254 237 1327 Non,
267 1255 392 1315 honeste
413 1255 471 1315 rita
493 1252 627 1315 moribus
658 1254 754 1334 adque
782 1253 787 1336 Ι
817 1254 924 1316 litteris
946 1256 1098 1329 educatus,
1126 1275 1193 1318 cum
1222 1257 1270 1318 die
1294 1255 1356 1316 Vlll
1380 1256 1436 1318 kal.

147 1356 239 1418 lulias
258 1353 264 1436 Ι
283 1374 374 1437 agens
397 1374 510 1418 annum
534 1366 670 1417 octavum
693 1358 840 1418 decimum
865 1357 947 1419 coelo
967 1357 972 1433 Ι
992 1359 1174 1420 desideratus
1200 1377 1347 1439 corporeo
1370 1377 1436 1420 car-

147 1477 218 1520 cere
240 1455 438 1542 liberalretnr,
469 1459 542 1538 petit
569 1460 666 1540 adque
688 1461 855 1540 impetravit
877 1479 892 1521 a
916 1461 1022 1523 Publio
1050 1460 1055 1544 Ι
1087 1455 1193 1546 [d]elio
1216 1462 1387 1542 Apollinare
1409 1479 1435 1521 v.

149 1561 191 1640 μ’
219 1571 393 1641 pstremo,
421 1571 522 1622 actore
551 1557 731 1644 caulsarum‚
760 1562 877 1643 preside
907 1563 1076 1644 provinciae
1099 1563 1245 1634 Corsicae,
1275 1559 1434 1646 praellecto

146 1662 294 1742 vigilibus,
318 1664 359 1724 uti
376 1663 502 1724 lundum
526 1682 554 1744 q.
572 1657 643 1750 [o.]⁸
666 1665 701 1725 ad
717 1665 789 1725 duas
811 1665 911 1726 casas⁴
931 1661 936 1748 Ι
956 1658 1156 1749 con[s]inium
1179 1665 1330 1727 territorio
1346 1666 1435 1727 Prae-

148 1765 337 1827 nestinorum
364 1761 369 1846 Ι
397 1766 482 1827 daret
509 1784 544 1828 ac
571 1767 702 1829 traderet
729 1765 862 1848 collegiis
885 1761 1124 1852 Praenestillnoe]
1155 1767 1277 1830 civitatis
1304 1787 1337 1828 ea
1361 1786 1434 1829 con·

146 1869 276 1942 dicione,
300 1877 334 1929 ut
348 1867 440 1930 isdem
456 1868 503 1930 rel
520 1864 526 1951 Ι
548 1863 681 1954 [qu]ique
697 1869 727 1928 in
743 1887 847 1931 eorum
863 1869 929 1930 iura
944 1887 1114 1950 corpusque
1135 1870 1313 1932 successerit
1332 1870 1336 1950 Ι
1357 1864 1435 1956 [o]b·

145 1970 297 2032 alienandi
326 1988 518 2051 quocumque
546 1979 634 2049 pacto
663 1979 793 2050 potestas
824 1967 829 2052 Ι
859 1989 920 2032 non
956 1981 1047 2045 esset,
1080 1972 1131 2033 sed
1159 1991 1194 2034 ex
1228 1972 1322 2052 ipsius
1350 1972 1433 2034 lundi

144 2072 295 2135 fructibus
322 2069 489 2158 conlloliria
519 2072 565 2134 bis
592 2091 692 2135 annua
723 2071 828 2134 diebus
858 2091 946 2152 supra
981 2074 1099 2154 scriptis
1132 2075 1371 2156 exhilberentur;
1406 2085 1435 2136 et

145 2194 207 2255 quo
230 2176 346 2237 auctior
369 2185 446 2237 esset
468 2174 598 2236 eiusdem
626 2172 632 2256 Ι
657 2175 807 2249 voluntas,
836 2175 912 2256 petit
933 2193 948 2236 a
972 2175 1142 2255 supradicto
1172 2186 1256 2256 patre
1278 2196 1344 2248 suo,
1370 2174 1377 2257 Ι
1403 2185 1436 2238 ut

145 2280 281 2359 quinque
304 2277 422 2340 milibus
445 2277 558 2339 lollium
581 2276 659 2338 horti
682 2276 745 2338 sibe
765 2275 769 2361 Ι
791 2277 938 2356 possessio
962 2290 1186 2357 cooperaretur,
1210 2297 1285 2358 quae
1308 2275 1431 2363 eorum!

144 2383 204 2443 iuri
227 2380 324 2460 adque
346 2381 466 2460 corpori
488 2397 556 2441 cum
580 2380 748 2460 supradicta
774 2376 779 2461 Ι
806 2379 983 2440 condicione
1005 2378 1183 2454 traderetur,
1210 2381 1306 2460 adque
1333 2381 1372 2443 ita
1395 2382 1434 2442 ob

145 2504 171 2546 c.
186 2491 255 2557 (sie)
274 2482 280 2566 Ι
299 2501 386 2544 causa
403 2485 426 2552 s,
437 2482 479 2546 ἓ)
500 2482 530 2543 iu
548 2482 673 2544 fundum
689 2480 744 2551 s's',⁰
758 2491 788 2542 et
804 2483 906 2543 hortos
922 2491 1100 2561 conparatos
1120 2478 1125 2564 Ι
1145 2484 1329 2563 supradicto
1346 2483 1433 2545 modo

144 2587 292 2667 pecuniae
312 2583 316 2669 Ι
336 2605 442 2648 omnes
464 2585 610 2664 collegiati
633 2585 746 2647 inducti
767 2595 854 2661 sunt;
884 2581 1017 2667 proplter
1042 2586 1121 2663 quod
1144 2587 1319 2647 venellcium
1342 2587 1433 2649 colle-

144 2689 217 2768 giati
241 2707 345 2751 omnes
365 2686 370 2772 Ι
389 2696 513 2750 mutuam
540 2687 635 2748 eidem
659 2697 787 2766 togatam
807 2681 813 2770 Ι
833 2686 861 2746 iu
887 2689 953 2747 loro
977 2686 1183 2748 conlocarunt.

234 2790 375 2840 hameris
392 2805 457 2854 rep„
481 2790 520 2838 ili
537 2789 585 2838 ubi
601 2785 693 2848 ferum
711 2783 797 2845 fuisse
813 2789 928 2851 putatur·
951 2785 1041 2853 (datu
1059 2785 1167 2838 Notict'e
1185 2787 1258 2851 degli
1274 2791 1349 2838 senui
1366 2788 1434 2842 4905

144 2893 171 2938 p.
190 2875 262 2942 57⁶).
279 2907 313 2914 -
342 2877 366 2939 l)
385 2874 440 2925 Hoc
456 2877 588 2939 scriptum
606 2875 635 2922 a'n
652 2873 757 2936 plintho
776 2873 855 2924 basis.
873 2901 907 2908 —
930 2873 957 2935 2)
977 2872 1043 2923 Viro
1060 2871 1266 2938 perfectissimo.
1284 2902 1318 2911 —
1336 2874 1363 2937 3)
1381 2873 1435 2938 Oui

146 2959 301 3024 appellatur
319 2959 414 3026 (natea
432 2961 462 3009 ia
475 2958 565 3024 lupide
582 2956 668 3019 [uisse
679 2957 783 3006 dicitur·
800 2973 849 3024 qua
860 2994 867 3008 .
879 2994 885 3007 .
898 2956 962 3007 ditas
980 2963 1051 3020 cel).
1071 2987 1105 2994 -
1123 2960 1150 3022 4)
1168 2956 1279 3008 Fundos
1291 2959 1434 3010 huiusne·

145 3047 229 3095 minis
246 3043 314 3095 duos
330 3048 486 3094 enumerari
502 3047 532 3094 ia
551 3043 676 3108 catologo
694 3043 843 3103 [trudonem
861 3059 877 3093 a
898 3042 1072 3093 Constantino
1092 3043 1217 3093 ecelesiae
1233 3041 1370 3094 Romanae
1387 3045 1433 3095 do-

145 3135 285 3191 natorum,
303 3133 332 3180 in
351 3129 420 3182 lldro
436 3129 591 3196 pontificale·
606 3133 654 3179 vit.
673 3128 750 3193 Satn,
766 3131 872 3179 monuit
890 3127 978 3193 Galli,
999 3145 1092 3179 eorum
1110 3129 1225 3179 alterum
1244 3126 1361 3188 fortasse
1378 3145 1433 3180 nora

145 3217 282 3267 diversam
301 3219 334 3267 ad
353 3217 411 3280 doc,
429 3217 595 3266 committo
606 3214 707 3277 finibus
723 3214 904 3264 daemonicis
922 3211 1030 3279 (sedes.
1044 3211 1257 3266 Hatehmdoem.
1270 3212 1433 3265 attentent

142 3318 171 3367 p.
186 3300 256 3367 ldd).
276 3329 310 3339 -
328 3303 354 3364 5)
373 3299 511 3368 Comum)
529 3315 613 3366 supro
630 3300 768 3362 scriptam.
786 3326 820 3334 -
838 3300 864 3360 θ)
882 3299 974 3363 Supra
990 3303 1129 3362 scriptam.

232 3437 318 3508 8877
363 3443 529 3523 exemplum
559 3439 772 3502 codicillorum.
802 3439 807 3521 Ι
837 3438 915 3500 Have
942 3439 1028 3511 mihi,
1057 3439 1178 3500 domine
1204 3449 1304 3518 pater3
1335 3438 1340 3521 Ι
1370 3441 1433 3502 vale

145 3545 235 3614 milri,
257 3545 378 3606 domine
400 3545 497 3623 paterl
517 3543 523 3625 Ι
543 3543 616 3604 Cum
639 3542 674 3602 ed
698 3551 727 3603 te
750 3543 823 3602 haec
844 3542 1000 3614 dictarem,
1024 3538 1270 3624 inlelicislsimum
1295 3551 1322 3602 te
1345 3542 1432 3604 aesti-

145 3647 237 3720 mari,
260 3658 293 3708 ut
315 3665 381 3709 eras
403 3663 471 3707 curn
496 3663 542 3706 me
563 3641 567 3727 Ι
586 3645 645 3706 hoc
660 3645 804 3705 mitteres.
849 3643 920 3704 Peto
936 3653 970 3704 ut
985 3652 1211 3705 monumentum
1232 3641 1237 3726 Ι
1256 3643 1329 3703 mihi
1344 3643 1433 3706 iacias

145 3749 270 3827 dignum
294 3749 438 3810 iuventuti
462 3767 554 3809 meac.
574 3749 580 3824 Ι
600 3749 668 3807 dte
684 3756 753 3826 peto
769 3743 986 3825 Eutychianum
1010 3746 1162 3807 alumnum
1183 3743 1189 3826 Ι
1208 3762 1306 3806 meum
1327 3764 1433 3807 manri-

145 3852 246 3912 mittas
268 3851 455 3932 vindictaque
481 3849 486 3934 Ι
513 3851 632 3922 liberes,
660 3850 731 3910 item
755 3847 887 3927 Aprilem
906 3866 1023 3910 servum
1047 3865 1161 3920 meum,
1184 3845 1189 3930 Ι
1216 3847 1265 3926 qui
1288 3848 1370 3909 solus
1397 3868 1431 3908 ex

145 3954 314 4014 ministerio
338 3971 403 4014 meo
426 3953 586 4033 superarit
616 3950 621 4032 Ι
652 3950 779 4031 Scripsit
796 3959 860 4019 (sia)
882 3948 932 4009 XV
955 3948 1013 4010 lial.
1037 3949 1130 4030 April.
1155 3949 1259 4022 Sirmi,
1279 3946 1285 4030 Ι
1311 3951 1344 4011 L.
1367 3951 1433 4012 Cal-

145 4057 258 4136 purnio
281 4055 388 4118 Pisone
412 4057 444 4117 P.
467 4055 563 4117 Salvio
586 4052 702 4114 loliano
725 4053 797 4114 cos.¹

235 4155 406 4220 Captatores
430 4153 551 4222 (Cefold)
576 4157 606 4204 in
623 4169 673 4204 oro
692 4153 803 4204 Siciliae
827 4153 865 4217 (Χ
878 4153 945 4204 7452
969 4152 1038 4202 otdtt
1056 4151 1223 4218 Mommsen).
1250 4180 1284 4188 -
1312 4154 1336 4216 1)
1355 4153 1386 4204 A.
1404 4167 1431 4216 p.

148 4241 211 4294 Olor.
229 4241 285 4294 tto.

231 4359 319 4431 8378
362 4364 386 4424 si
402 4363 469 4443 quis
492 4381 528 4424 ex
550 4363 586 4423 iis
608 4361 660 4442 qui
682 4361 890 4442 suprascripti
912 4368 982 4422 sunt
1005 4377 1072 4419 cum
1093 4359 1099 4441 Ι
1119 4359 1228 4420 moriar
1250 4377 1310 4418 noo
1330 4359 1431 4432 rivet¹,

144 4467 207 4527 sire
230 4475 444 4544 postmortem
469 4460 574 4549 melam
598 4464 752 4544 morietur,
782 4472 844 4524 tum
874 4463 925 4542 qui
948 4461 1055 4540 reliqui
1079 4469 1167 4522 erunt
1195 4459 1225 4520 in
1250 4455 1364 4543 eolrum
1388 4459 1432 4519 lo·

144 4587 215 4630 cum
239 4569 288 4647 qul
312 4569 421 4629 mortui
445 4575 534 4628 erunt
555 4566 628 4628 elios
650 4585 704 4646 per
726 4563 877 4651 sulllragia
901 4562 1100 4628 substituant'
1121 4579 1198 4640 quos
1220 4559 1431 4645 dignissimos}

144 4671 315 4752 putaverint
337 4669 407 4730 dum
431 4687 493 4732 noa
518 4669 617 4731 minus
639 4668 669 4730 in
693 4667 881 4749 perpetufum
904 4667 1025 4747 triginta
1049 4667 1124 4738 sint,
1154 4665 1299 4744 liceatque
1322 4664 1358 4726 iis
1380 4665 1431 4743 qui

145 4781 317 4854 praesentes
346 4790 411 4834 esse
441 4771 476 4832 iis
498 4770 604 4833 diebus
633 4790 693 4832 non
718 4779 875 4850 poterunt,
905 4771 935 4830 in
961 4765 966 4852 Ι
992 4771 1089 4830 locum
1111 4786 1197 4830 suum
1221 4768 1372 4829 convivam
1396 4786 1431 4829 ex
