3644 5424
337 393 399 454 746
896 394 988 465 Caput
1002 394 1063 449 XV.

338 569 408 632 bres
438 565 444 653 Ι
473 569 590 631 Sontini
619 568 649 630 in
672 568 810 629 triclini.¹
836 569 943 631 domus
966 587 993 630 c.
1016 569 1065 636 (ι’.
1099 585 1257 630 numerum
1280 567 1469 643 babentilbus
1497 568 1628 648 sequella

338 673 469 734 eiusdem
494 671 609 751 colleg,
639 671 680 732 ibi
702 670 903 733 referentibus
925 671 1040 733 Casidio
1069 669 1073 755 Ι
1104 672 1215 732 Severo
1237 679 1322 750 patre
1345 689 1375 734 n.
1399 672 1443 732 n.⁴
1472 681 1502 732 et
1524 671 1629 733 Meldio

341 775 502 854 Peregrino
517 784 657 855 parente:
692 774 815 836 comsit
833 771 838 856 Ι
858 784 1042 854 oportunum
1065 773 1179 836 crebris
1202 773 1356 835 beneflciis
1379 781 1409 835 et
1429 773 1628 836 adlectionem

337 879 447 939 amoris
466 873 471 960 Ι
492 871 579 963 ΙινρΙι
603 894 633 938 n.
657 877 701 937 n.⁸
731 875 921 938 exibentibus
942 877 1084 939 adsistere
1106 887 1137 939 et
1159 876 1362 939 munificentia
1383 871 1388 957 Ι
1408 870 1530 962 ΙιοΙιιιιιι
1553 877 1629 939 sicut

339 983 527 1060 oportunitas
549 978 753 1041 testimonium
776 979 964 1060 perbiberet,
993 974 999 1062 Ι
1029 973 1255 1065 [re]munerare,
1287 979 1378 1059 igitur
1400 978 1424 1040 si
1447 978 1565 1040 cunctis
1586 977 1629 1038 ri·

338 1082 426 1144 detur
441 1082 591 1145 Coretium
607 1081 747 1154 Fuscum,
768 1078 773 1164 Ι
792 1075 1001 1168 [splendidum
1025 1081 1188 1144 decurione
1209 1081 1322 1162 patriae
1337 1081 1381 1143 n.⁸
1403 1081 1456 1144 sed
1479 1091 1509 1143 et
1528 1091 1630 1162 patro-

339 1204 411 1247 num
433 1186 523 1247 trium
543 1184 549 1268 Ι
569 1185 638 1246 coll.
658 1185 889 1266 principalium⁷
911 1195 942 1247 et
955 1184 1041 1247 Vesia
1056 1185 1213 1247 Martinam
1237 1185 1397 1265 coniugem
1420 1185 1484 1247 eius
1503 1182 1508 1268 Ι
1527 1194 1629 1264 patro·

339 1307 422 1362 nam,
444 1288 498 1349 sed
520 1298 550 1350 et
571 1287 692 1350 Coretiu
715 1281 882 1375 Sa[b]inum
906 1287 1000 1349 lilium
1022 1306 1126 1349 eorum
1150 1289 1209 1349 iam
1231 1283 1365 1372 prid[e]m
1384 1287 1389 1373 Ι
1409 1296 1554 1368 patronos
1575 1305 1631 1368 per

339 1389 514 1470 duplomum
536 1409 552 1451 a
575 1408 703 1452 numero
726 1411 756 1452 n.
779 1400 944 1471 cooptatos,
968 1408 1052 1452 nunc
1074 1390 1204 1452 tabulam
1224 1386 1230 1474 Ι
1249 1408 1366 1453 aeream
1387 1399 1566 1470 patronatus
1587 1389 1631 1452 eis

339 1492 456 1565 offerri,
479 1503 514 1555 ut
528 1493 635 1555 merito
657 1492 774 1554 bonore
796 1512 852 1572 pro
869 1489 991 1578 meriltis
1013 1494 1194 1566 innotescat,
1218 1510 1248 1572 q.
1265 1495 1286 1554 f.
1302 1512 1343 1573 p.,
1365 1492 1393 1553 d.
1410 1511 1436 1553 o.
1452 1511 1478 1553 r.
1497 1493 1517 1553 i.
1532 1511 1557 1554 c.
1574 1491 1628 1554 c.⁸:

340 1594 426 1667 Quod
456 1596 487 1657 in
518 1596 710 1675 praeteritum
735 1595 833 1658 Cureti
856 1596 944 1659 Fusci
967 1597 1085 1676 patroni
1107 1596 1294 1677 Vpsiaesiae⁰
1319 1595 1445 1657 Martine
1471 1595 1476 1677 Ι
1503 1605 1630 1676 patrone

339 1707 367 1759 et
391 1697 490 1760 Cureti
512 1697 615 1760 Sabini
646 1698 687 1760 flli
709 1716 814 1760 eorum
838 1717 907 1778 erga
930 1716 1032 1761 amoro
1054 1698 1198 1761 beneficia
1228 1695 1378 1782 pmesltita
1399 1699 1630 1778 susceperimus,

340 1819 423 1862 nunc
445 1800 533 1863 etiam
556 1802 586 1862 in
610 1801 744 1862 futurum
767 1819 828 1862 non
845 1801 1007 1874 dissimilia,
1031 1820 1108 1882 quae
1128 1799 1133 1884 Ι
1152 1820 1235 1864 nunc
1253 1801 1409 1878 sentimus,
1433 1809 1579 1882 perpetuo
1594 1819 1631 1862 er

339 1902 460 1964 domum
489 1921 593 1965 eorum
623 1921 799 1982 processura
826 1904 891 1984 pari
921 1901 1128 1990 adlecltionem
1157 1923 1312 1984 speramus
1341 1914 1430 1984 atque
1457 1903 1524 1966 ideo
1556 1922 1629 1966 con·

339 2005 444 2066 sentiri
472 2005 609 2067 relationi
638 2005 669 2066 b.
692 2005 723 2067 b.
745 2025 770 2072 v.
795 2007 847 2068 v.¹⁰
872 2007 968 2068 Casidi
994 2003 999 2089 Ι
1025 2008 1126 2070 Severi
1155 2007 1247 2088 patris
1271 2028 1301 2070 n.
1324 2005 1368 2072 n.⁴
1396 2017 1428 2069 et
1448 2005 1535 2068 Heldi
1557 2005 1630 2068 Per·

341 2107 437 2186 cgrini
456 2108 590 2188 parentis
611 2119 642 2170 et
663 2107 699 2169 ad
715 2108 964 2170 remunerandam
983 2108 988 2194 Ι
1009 2128 1113 2172 comm
1128 2109 1346 2184 benevolentia,
1369 2128 1430 2189 quo
1451 2109 1560 2170 lautius
1579 2108 1630 2170 ad·

340 2227 399 2288 que
415 2209 570 2290 pulchrius
592 2211 683 2291 digne
702 2211 849 2274 bonorem
870 2211 874 2294 Ι
894 2210 950 2275 sibi
966 2211 1100 2275 oblatum
1115 2213 1267 2293 suscipere
1283 2213 1453 2292 dignentur,
1477 2212 1629 2273 decretum

341 2323 371 2376 et
392 2313 424 2374 in
447 2313 547 2375 tabula
569 2331 656 2376 aerea
675 2310 681 2395 Ι
706 2313 906 2394 perscriptum
930 2316 984 2388 eis,
1007 2333 1066 2394 qua
1089 2326 1121 2377 et
1141 2333 1157 2376 a
1181 2313 1269 2377 nobis
1290 2315 1459 2394 proiectum
1482 2323 1528 2376 est
1549 2314 1630 2393 lega·

342 2425 448 2494 tosque
468 2412 473 2497 Ι
492 2416 556 2478 fieri
571 2415 692 2496 placuit,
715 2415 767 2495 qui
790 2417 867 2478 banc
882 2416 1013 2479 tabulam
1037 2416 1126 2497 digne
1149 2416 1318 2498 prosequi¹¹
1338 2413 1343 2500 Ι
1362 2416 1477 2479 Satrius
1493 2415 1630 2488 dcbiMes,

342 2518 458 2581 Satrius
473 2518 620 2591 Clemens,
639 2515 646 2600 Ι
665 2518 851 2580 Voesidenos
866 2519 1065 2594 Marcellinus,
1089 2518 1267 2582 Vassideuus
1281 2518 1449 2594 Verinus¹¹,
1469 2516 1474 2604 Ι
1498 2519 1631 2580 Casidius

342 2623 478 2696 Severus,
508 2622 629 2685 Aeldius
651 2621 779 2696 Primus,
809 2621 931 2684 Heldius
953 2623 1145 2702 Peregrinus,
1172 2618 1178 2703 Ι
1204 2621 1326 2683 Brittius
1348 2620 1502 2695 Maximus,
1530 2621 1631 2684 delius

341 2725 524 2800 Honoratus,
552 2724 747 2805 Appolulus¹³
769 2723 947 2807 Hilarianus,
977 2727 1096 2788 tetrius
1115 2721 1120 2806 Ι
1140 2723 1327 2797 Terminalis,
1360 2723 1468 2786 Gavius
1485 2724 1631 2786 Felicissi-

340 2846 417 2902 mus,
439 2827 554 2889 Satrius
570 2825 734 2899 lanuarias,
764 2826 896 2889 Casidius
910 2824 1076 2911 Romullus,
1098 2827 1217 2889 lletrius
1233 2826 1368 2902 vesunu,
1397 2827 1512 2889 Satrius
1528 2825 1631 2888 Ursus.

426 2941 539 2995 Romam
561 2943 654 2994 adlato
677 2958 735 2995 una
760 2959 820 2994 cum
842 2960 873 2994 aa
896 2959 965 3010 quae
985 2945 1137 3010 praecedet,
1160 2949 1186 2995 cl
1204 2945 1264 3011 ipra
1289 2946 1347 2995 rino
1365 2944 1447 2995 dubio
1465 2943 1573 2996 Sontini
1589 2959 1631 2994 re·

338 3031 427 3096 porto,
446 3029 540 3080 actutu
558 3044 641 3079 aenea
660 3027 792 3096 (7616766
810 3031 850 3079 bie
868 3029 1003 3097 descripm
1021 3045 1089 3082 saec.
1102 3029 1202 3096 XVII).
1224 3057 1259 3068 -
1287 3031 1312 3094 1)
1330 3031 1363 3081 A.
1381 3029 1441 3082 666.
1463 3056 1498 3068 -
1524 3032 1550 3095 2)
1572 3025 1631 3080 Tm·-

342 3113 480 3166 661666.-
499 3114 526 3178 3)
544 3113 657 3178 Collegit
669 3117 897 3168 centenarios-mn.
910 3143 944 3153 -
961 3117 988 3178 t)
1006 3114 1123 3166 Numeri
1133 3118 1230 3166 noem.
1242 3144 1276 3154 -
1294 3117 1320 3180 6)
1337 3113 1488 3166 Numerum
1499 3119 1630 3165 corbum.

341 3226 377 3238 -
394 3201 420 3264 6)
438 3197 563 3252 Nostrae.
588 3227 624 3238 -
649 3200 675 3262 ’1)
694 3198 828 3251 Videntur
849 3199 1006 3265 significari
1027 3199 1142 3266 collegio
1163 3198 1287 3266 fabr-tarn,
1312 3201 1545 3266 centonariorum,
1569 3199 1632 3250 den-

343 3285 508 3351 &ephorum
526 3283 629 3351 (colleg.
641 3283 673 3337 lll
689 3299 773 3350 supra
790 3283 825 3338 Ν.
838 3285 918 3349 6667ς
936 3291 955 3336 6.
970 3288 1092 3338 Αιὶιίηαι
1103 3285 1240 3354 7116666).
1276 3283 1318 3347 Cf.
1334 3301 1419 3352 supra
1431 3283 1466 3337 Ν.
1477 3285 1548 3338 6667.
1559 3286 1631 3338 6666.

341 3371 414 3434 6766,
428 3375 477 3425 cot.
489 3398 524 3408 -
541 3371 568 3434 8)
588 3368 629 3432 ct.
646 3370 680 3423 Ν.
693 3370 763 3423 7666
780 3374 839 3424 not.
848 3373 874 3423 6.
891 3397 926 3408 -
944 3373 969 3435 9)
988 3370 1047 3424 Sor.
1059 3369 1162 3424 Vesioe.
1178 3398 1213 3408 —
1233 3373 1274 3438 to)
1295 3368 1336 3433 Cf.
1348 3369 1383 3423 Ν.
1394 3371 1464 3423 7666
1480 3375 1536 3424 not.
1549 3369 1632 3423 66.-

345 3458 386 3520 11)
404 3455 464 3510 Scr.
477 3463 674 3524 prosequantur.
686 3483 722 3495 -
740 3457 782 3521 12)
794 3454 931 3512 Voesiden.
945 3455 1027 3509 Verus
1038 3471 1122 3524 supra
1135 3456 1170 3509 Ν.
1181 3459 1257 3512 6666.
1269 3485 1305 3496 -
1324 3459 1366 3522 16)
1384 3455 1504 3510 Proluius
1516 3453 1631 3507 altorum

343 3543 546 3608 apographum·
562 3539 680 3602 fortusse
697 3538 755 3602 fuit
772 3540 924 3610 Appoleius.
941 3570 975 3580 -
996 3542 1038 3605 14)
1055 3541 1128 3592 Idem
1146 3545 1227 3594 ettam
1244 3546 1318 3594 inter
1334 3540 1437 3605 fabros,
1456 3540 1491 3596 Ν.
1502 3541 1579 3593 7666.

431 3626 489 3681 dna
508 3641 568 3678 cum
584 3629 635 3678 bac
652 3631 679 3677 et
696 3642 729 3678 ea
748 3643 817 3693 patae
831 3626 974 3694 praeeedit
990 3625 1100 3678 viatur
1115 3632 1224 3694 roperta
1241 3645 1296 3680 uaso
1314 3627 1406 3679 tabula
1425 3626 1467 3680 x!
1478 3627 1555 3680 6766.

429 3801 516 3872 7222
558 3797 720 3889 L[a']menio
744 3813 774 3864 et
797 3802 943 3865 Catullino
964 3799 969 3885 Ι
989 3803 1122 3866 conuss.¹
1144 3803 1169 3863 V
1191 3803 1258 3866 idus
1279 3806 1352 3884 Apr.
1372 3804 1377 3886 Ι
1397 3798 1485 3889 [l]ul.
1506 3802 1631 3865 Canimo

343 3900 429 3988 pat}
455 3900 708 3991 merentfflssimo.
752 3901 974 3990 Prinlcipatus¹
1003 3906 1041 3966 ob
1064 3906 1253 3985 splendorem
1285 3907 1392 3968 domus
1417 3904 1422 3989 Ι
1450 3916 1533 3979 tuae,
1561 3905 1634 3986 pat’

344 4003 691 4092 bonori[fi]centislsime,
715 4009 868 4071 oderimus
883 4008 937 4070 tibi
953 4003 1064 4092 cuncltl
1083 4017 1224 4070 tesseram
1239 4008 1312 4090 pat⁴
1330 4008 1336 4092 Ι
1356 4008 1432 4070 labri
1455 4006 1633 4082 subidianl⁸,

345 4127 432 4189 quem
463 4113 469 4187 Ι
499 4109 605 4172 libenti
633 4113 733 4173 animo
763 4105 946 4197 iube[mu]s⁸
974 4108 980 4193 Ι
1016 4110 1127 4190 suscipl
1156 4110 1318 4175 offerentes
1347 4111 1353 4194 Ι
1388 4121 1522 4175 rectores
1551 4109 1632 4173 Clod.

344 4212 516 4294 lugendus,
537 4209 542 4294 Ι
562 4212 632 4277 Cur.
647 4213 853 4288 Innocentius,
873 4211 879 4296 Ι
899 4213 965 4277 lun.
982 4213 1158 4276 Germanus.

432 4331 571 4384 Cordubae
588 4329 627 4400 (11
642 4332 710 4384 6666
727 4332 809 4382 romei
825 4330 959 4397 descripto
977 4348 1046 4386 saec.
1059 4331 1157 4402 XVII).
1175 4360 1210 4372 -
1234 4333 1259 4396 1)
1276 4334 1308 4384 A.
1319 4333 1380 4386 tto.
1397 4360 1432 4372 -
1450 4333 1476 4396 2)
1494 4331 1558 4382 Erit
1573 4328 1633 4391 sor-

346 4422 415 4469 tem
433 4419 481 4483 qui
498 4409 705 4469 ‘musmonem
722 4407 909 4484 principatur'
931 4421 1045 4484 iungere
1062 4417 1224 4482 praetulerit
1242 4417 1379 4486 (Munda).
1403 4444 1438 4455 -
1462 4419 1488 4480 6)
1505 4417 1631 4468 Patrone.

344 4529 379 4541 -
396 4504 422 4566 4)
435 4503 607 4555 Patronutur.
620 4531 651 4540 -
671 4504 697 4566 6)
715 4502 894 4568 Sudaediont‘,
912 4501 949 4564 cs.
963 4501 1040 4564 infra
1052 4501 1087 4555 Ν.
1098 4502 1287 4558 7666-7666.
1304 4503 1384 4570 7676,Ι
1402 4500 1549 4554 Monmtecn
1567 4501 1632 4553 oud.

344 4588 407 4640 inst.
426 4589 494 4642 6866
509 4602 537 4653 p.
548 4591 600 4654 66,Ι
623 4587 765 4639 Maruccdt'
782 4588 847 4640 dull.
865 4586 1086 4640 cumaculam?
1099 4604 1129 4654 p.
1140 4589 1199 4642 667.
1217 4615 1252 4626 -
1272 4591 1298 4652 6)
1316 4587 1409 4641 iubens
1427 4587 1568 4640 traditum.
