3606 5426
512 351 597 407 Tituli
616 352 791 422 sepulcrales.
808 381 841 394 -
860 353 923 408 lure
941 353 1135 422 sepulcrorum.
1391 354 1455 413 903

170 543 238 586 rum
257 523 263 608 Ι
284 525 357 601 de.';
381 527 470 588 ceteri
486 536 517 589 et
531 526 628 588 liberti
644 527 703 588 mei
721 530 727 604 Ι
746 527 921 608 propiisete)
944 527 1042 589 meriti
1066 546 1128 589 non
1143 528 1230 590 fustis
1244 535 1311 604 (ste)
1331 526 1337 608 Ι
1357 547 1454 608 neque

170 628 229 688 tilia
253 647 328 690 mea.

259 726 357 779 llomoe
374 728 429 796 (1¹1
444 727 508 779 7470
524 727 594 778 stote
610 727 740 794 4100000),
757 757 791 766 -
812 730 836 792 1Ι
853 728 943 780 Dedit.

258 813 335 864 Adde
352 812 386 864 Ν.
404 813 476 866 4984.
493 811 567 865 8448.
583 813 665 876 utcu
690 813 728 865 Vl
744 813 819 866 8807.
835 815 909 867 9408.
925 815 1012 866 40289
1026 812 1062 882 (o.
1073 815 1117 869 92.
1130 815 1208 884 440),·
1225 815 1265 868 414
1278 817 1404 881 440040).

713 1019 915 1032 -ι-οκ-ι.

257 1167 346 1241 8887
389 1171 472 1234 Vibia
502 1173 534 1238 L.
555 1173 575 1234 Ι.
598 1172 719 1235 Chresto
742 1193 824 1236 mon.
856 1175 861 1255 Ι
891 1175 962 1236 iecit
988 1174 1045 1238 sibi
1075 1186 1105 1238 et
1125 1176 1188 1240 suis
1216 1186 1247 1239 et
1267 1177 1300 1240 C.
1322 1178 1426 1240 Rustic
1446 1173 1453 1262 Ι

171 1276 203 1338 C
228 1274 412 1338 1744040000
442 1275 502 1337 lilio
530 1284 561 1336 et
581 1275 683 1337 Vibiae
713 1277 718 1352 Ι
751 1273 785 1340 2.
807 1277 827 1338 1.
851 1276 990 1358 Calybeni
1018 1277 1142 1340 libertae
1170 1280 1264 1348 lenae.
1294 1278 1300 1363 Ι
1330 1279 1368 1342 ab
1390 1297 1455 1342 esee

171 1379 338 1458 quaesitum
362 1377 446 1440 lucro
468 1396 533 1455 suo,
560 1379 625 1439 siue
648 1379 752 1440 lraude
773 1379 909 1443 aliorum.
954 1379 991 1442 14.
1014 1398 1051 1446 nt
1077 1381 1106 1442 h.
1130 1400 1160 1442 n.
1183 1401 1207 1444 s.

257 1479 403 1530 1400000044
419 1477 472 1544 (444
488 1479 556 1530 2029
573 1479 699 1530 ciderunt
716 1479 862 1530 Mommsen
880 1480 1005 1546 otiique).

256 1617 344 1690 8288
386 1620 517 1682 Valeriae
540 1620 574 1683 ll.
598 1622 616 1682 4.
640 1620 647 1701 Ι
672 1621 858 1703 Eutychinis.
888 1619 893 1705 Ι
924 1621 1065 1703 Emptum
1096 1623 1101 1702 Ι
1130 1584 1170 1684 dcl
1190 1623 1223 1684 L.
1247 1625 1353 1686 Paccio
1376 1574 1457 1686 [0-4.

170 1730 243 1788 Aru.
266 1724 354 1784 Varo.

258 1823 365 1887 4404000,
383 1826 439 1876 lun
456 1824 615 1875 Florentiae
632 1825 690 1889 (VI
704 1825 787 1877 28l8l
805 1825 875 1876 044444
892 1825 1021 1890 rreum).

257 1960 346 2034 8280
390 1963 418 2024 d.
441 1981 480 2024 m.
501 1959 506 2044 Ι
526 1963 683 2026 Petroniee
701 1963 706 2046 Ι
727 1967 763 2036 Q.
787 1967 807 2026 4.
830 1965 955 2027 Rufiuue
974 1963 980 2048 Ι
1000 1966 1086 2027 matri
1113 1965 1315 2045 pientissimae
1335 1967 1340 2048 Ι
1359 1966 1429 2028 lecit
1446 1962 1452 2051 Ι

167 2067 267 2148 Appia
282 2065 424 2128 severina
447 2065 505 2127 fllia
525 2065 615 2145 14000
638 2079 739 2147 emptu
762 2086 822 2148 quo
845 2066 1012 2128 Tiburtini¹
1032 2064 1039 2151 Ι
1057 2068 1146 2148 positi
1170 2077 1310 2147 quattuor
1332 2069 1455 2130 demon-

167 2181 274 2234 strant
297 2166 303 2250 Ι
328 2168 362 2230 40
386 2169 421 2234 lr.
447 2188 478 2249 p.
494 2167 547 2244 vt,
577 2169 607 2229 iu
631 2187 693 2249 agr.
718 2189 747 2249 p.
764 2169 839 2230 Vlll.

258 2269 357 2321 Itomae
375 2267 426 2338 (VI
442 2270 611 2323 teuerstatt
629 2270 826 2337 41004000).-
852 2273 876 2331 l)
895 2269 973 2335 Gippi
989 2286 1025 2321 00
1042 2271 1132 2336 lepide
1153 2269 1303 2324 Tiburtino.

256 2405 345 2476 8280
388 2408 529 2487 quicquid
557 2408 631 2470 iuris
659 2408 762 2470 habuit
791 2409 821 2469 in
849 2409 907 2470 hoc
931 2406 936 2491 Ι
962 2418 1160 2470 monumento
1190 2416 1220 2469 et
1248 2410 1364 2471 ustrinc
1394 2419 1423 2470 et
1448 2405 1454 2494 Ι

168 2509 311 2570 virdiaric
334 2517 363 2570 et
387 2508 460 2571 ollas
476 2509 529 2572 Cn.
545 2509 653 2590 Papius
672 2506 678 2594 Ι
698 2509 792 2590 Chilo,
815 2529 848 2571 ea
865 2510 964 2571 omniu
981 2511 1052 2572 emit
1066 2510 1203 2572 lucretia
1220 2514 1241 2578 )
1259 2512 1277 2572 Ι.
1297 2510 1303 2592 Ι
1322 2512 1454 2573 lucuntla

436 2609 488 2675 44Ι
508 2611 513 2693 Ι
534 2613 630 2674 laclia
654 2613 687 2674 P.
711 2612 730 2673 l.
754 2612 952 2692 Euphrcsine.

257 2710 364 2772 4404000,
382 2727 455 2762 0000
477 2711 571 2765 Urbim
587 2713 643 2778 (Vl
660 2714 748 2766 28808
765 2713 834 2762 vidit
853 2713 1013 2775 Burmann).
1030 2741 1065 2750 -
1084 2714 1108 2776 1)
1126 2711 1266 2764 Nonnulla
1285 2729 1371 2766 00000.

258 2847 344 2918 82441
389 2852 436 2914 ius
458 2852 632 2932 sarcophagi
652 2850 657 2934 Ι
683 2852 716 2916 C.
739 2852 853 2914 Voconi
876 2853 982 2915 Zosimi
1006 2851 1058 2936 etl
1087 2853 1236 2916 Voconiae
1259 2853 1428 2914 Hieronidis
1449 2849 1455 2937 Ι

170 2970 240 3012 eum
257 2952 364 3014 itinere
381 2961 410 3014 et
426 2955 532 3016 ceteris
552 2950 558 3035 Ι
577 2953 667 3016 rebus
689 2955 724 3015 ed
749 2954 777 3016 id
801 2953 1021 3034 pertinentibus
1041 2952 1046 3037 Ι
1065 2955 1207 3017 donatum
1223 2955 1260 3018 ab
1277 2955 1307 3017 C.
1324 2955 1457 3016 Voconio

171 3051 366 3137 41404οΙ04000
385 3054 391 3137 Ι
411 3066 537 3136 patrono
561 3057 674 3135 optimo
697 3075 732 3118 ac
754 3053 896 3142 piissilmo
920 3067 949 3117 et
972 3057 1229 3137 indulgentissimo
1256 3054 1457 3138 0000040οΙ440-

171 3158 310 3237 sineque
337 3175 408 3236 erga
429 3176 500 3220 suos
522 3176 637 3220 omnes.

257 3257 342 3309 Romo
355 3262 387 3309 ut
398 3259 505 3310 uidetur·
515 3263 545 3309 40
558 3258 834 3323 saepememoratus»,
853 3265 891 3310 004
906 3261 1032 3311 Panormi
1049 3258 1102 3328 (Vt
1112 3260 1195 3311 29448
1206 3261 1278 3310 cidit
1288 3259 1455 3322 Mommsen).

257 3393 367 3467 8291·
402 3397 448 3459 dis
471 3397 581 3460 manib.
611 3396 616 3481 Ι
651 3397 768 3460 Clodiae
791 3397 824 3460 T.
849 3399 869 3459 4.
892 3400 1081 3474 Saturninae,
1115 3397 1120 3480 Ι
1149 3399 1207 3460 huc
1237 3397 1453 3460 monimentum

171 3501 231 3560 sire
265 3495 271 3582 Ι
304 3499 495 3578 sepulchrum
525 3518 557 3562 se
585 3501 647 3561 riva
671 3501 741 3574 lec„
776 3500 780 3584 Ι
814 3503 843 3564 40
869 3503 968 3562 fronte
990 3519 1020 3581 p.
1043 3501 1125 3573 7444,
1155 3501 1185 3561 40
1209 3517 1270 3580 egr.
1294 3519 1324 3580 p.
1347 3498 1422 3559 Vlll.
1449 3495 1456 3582 Ι

172 3601 267 3662 Huius
290 3602 467 3664 monimenti
489 3601 549 3663 sive
569 3600 574 3683 Ι
599 3604 748 3684 sepulchri
772 3605 818 3666 ius
840 3605 875 3664 ad
899 3599 1035 3687 hcreldes
1057 3603 1121 3665 eius
1143 3603 1275 3683 pertinet
1297 3620 1352 3682 pro
1375 3597 1456 3686 porl-

172 3702 305 3764 tionibus
321 3721 379 3782 qua
396 3704 463 3784 quis
478 3700 664 3788 testelmeuto
680 3707 745 3768 eius
759 3706 889 3785 scriptus
904 3715 957 3778 est,
977 3704 982 3789 Ι
1001 3705 1126 3766 libertos
1141 3705 1320 3784 libertasque
1333 3699 1340 3788 Ι
1355 3713 1456 3783 puste-

172 3824 283 3886 rosque
306 3825 421 3868 eorum.

257 3905 358 3957 440000
375 3907 430 3975 (Vl
447 3907 529 3960 444840
546 3911 655 3974 caepim
673 3907 806 3973 4400004040
824 3906 991 3972 00001471).

256 4045 345 4115 8282
387 4047 426 4108 ll.
443 4048 570 4110 llutilius
592 4049 644 4128 Sp.
668 4049 688 4109 4.
710 4048 772 4110 Col.
789 4048 878 4126 Niger
896 4047 901 4131 Ι
922 4057 1039 4127 emptor
1060 4049 1182 4110 adiectis
1204 4048 1338 4128 partibus
1357 4049 1362 4126 Ι
1382 4048 1455 4108 iuris

172 4151 208 4224 0.
232 4150 360 4230 Appulei
382 4149 538 4231 Eutychi&
562 4148 567 4233 Ι
594 4150 626 4212 C.
642 4150 805 4231 Appuleius
826 4147 860 4213 0.
883 4151 902 4212 l.
927 4151 1046 4213 llolicus
1069 4151 1099 4212 in
1124 4160 1208 4230 parte
1227 4148 1232 4233 Ι
1251 4151 1324 4214 iuris
1347 4150 1379 4210 P.
1395 4150 1455 4229 Ap·

171 4255 252 4336 pulei
276 4253 408 4315 Felicis¹.
429 4248 434 4332 Ι
454 4251 492 4312 Μ.
516 4251 674 4314 Castricius
697 4252 847 4333 Mysticus.

257 4353 356 4406 140000
379 4352 434 4420 (Vl
447 4353 527 4405 utor
549 4353 618 4404 uidit
636 4353 757 4416 4400ιοος
782 4350 817 4413 cs.
837 4352 961 4403 4400400·
977 4369 1020 4405 en.
1037 4368 1089 4405 scr.
1107 4356 1192 4420 epigr.
1211 4368 1237 4403 0.
1254 4352 1341 4415 toto).
1376 4351 1457 4400 Proc-

172 4440 243 4491 00044
265 4439 404 4490 incedent
422 4437 511 4504 lapide
533 4437 674 4503 catalogue
697 4453 789 4489 eorum
814 4442 862 4503 qui
878 4442 1078 4489 mouumentum
1095 4435 1233 4498 fecerant,
1258 4436 1293 4498 cs.
1311 4439 1366 4489 004.
1378 4435 1402 4487 4.
1422 4464 1455 4473 -

174 4527 198 4584 11
217 4524 247 4589 0.
261 4525 409 4591 Appuleius
421 4523 562 4590 Eutychus
580 4528 605 4572 04
623 4524 651 4576 P.
663 4523 813 4588 Appuleius
827 4521 911 4575 Felice
928 4525 1103 4573 nominantur·
1120 4525 1151 4572 40
1168 4522 1258 4573 eodem
1277 4521 1365 4588 lapide
1382 4523 1456 4571 40400·

172 4626 216 4661 000
229 4611 277 4676 qm'
289 4612 489 4660 monumentum
501 4606 638 4674 feroran&
656 4609 686 4658 40
703 4610 800 4659 tonent
818 4609 934 4660 duorum
947 4607 1035 4660 lecum
1047 4612 1160 4674 apparet
1171 4608 1325 4658 0000004000
1336 4605 1455 4671 Nigr-um

172 4700 197 4744 et
216 4694 370 4746 00440400.

847 4781 1250 4791 ————·.—-.——-—-.--
1269 4783 1324 4788 -ω
1366 4783 1453 4788 μ...-
