3606 5426
499 375 585 430 Tituli
603 377 778 446 sepulcrales
796 410 828 420 -
845 379 910 438 luru
927 380 1124 451 sepulcrorum.
1386 383 1450 444 siu

254 544 343 616 8258
384 547 475 612 site
490 550 650 630 requiescit
672 552 702 616 io
726 570 800 632 puoe
823 552 852 614 b.
868 572 908 616 m.
928 553 1081 616 Houoruio
1104 555 1264 618 clarissime
1287 564 1317 618 et
1337 551 1342 639 Ι
1362 575 1392 636 p.
1409 557 1451 632 i.¹,

167 651 302 712 coniunx
324 650 450 714 ‘izittooi
474 671 551 714 eom.
574 663 605 715 et
626 650 707 728 trib..
730 673 806 733 quae
827 655 898 718 vixit
919 655 949 717 in
974 657 1031 718 hoo
1053 675 1131 719 6666.
1150 653 1155 740 Ι
1175 676 1246 722 666.
1262 657 1325 733 XL,
1347 659 1451 740 depos.

167 765 214 815 est
235 751 293 816 sub
316 752 343 813 6.
366 753 422 814 iul.
446 753 532 816 Febr.
555 754 618 815 ind.
639 757 745 836 prime,
767 759 839 837 imp.
862 769 892 820 et
912 777 998 821 eous.
1018 755 1024 844 Ι
1044 758 1072 821 d.
1097 779 1126 821 n.
1150 759 1254 823 lustiui
1278 779 1307 840 p.
1324 782 1352 842 p.
1376 764 1451 841 Aug.

167 873 250 916 6666
265 855 381 916 tertio².
401 855 406 940 Ι
426 855 510 936 Rogo
525 865 555 918 te
571 877 626 938 per
639 857 699 920 dm.
715 878 849 940 omnpm.
871 872 901 922 et
921 858 996 922 ΙΗΜ
1018 857 1105 947 ΧΙρΙΙ
1129 861 1322 936 Nazarenum,
1345 883 1384 925 ne
1402 881 1451 925 me

166 965 273 1034 tangus
297 975 352 1019 nee
374 960 544 1038 sepulcrum
568 978 667 1022 meum
694 957 699 1045 Ι
724 962 818 1038 violis,
834 981 915 1039 vuum
938 975 1008 1027 aute
1030 959 1188 1051 t[rt]bunai
1210 966 1323 1027 oeterni
1346 966 1451 1028 iudicis

167 1077 286 1123 meeum
308 1079 426 1122 oausam
449 1060 544 1124 (licis.⁸

253 1159 424 1224 Albingauni
444 1161 488 1229 (V
499 1163 565 1218 7796
589 1163 657 1215 uidit
673 1163 840 1234 bionum).
869 1195 903 1204 —
934 1171 959 1234 1)
977 1167 1171 1233 Bepeolaom'r
1189 1183 1227 1236 sp.
1248 1168 1265 1221 i.
1284 1168 1452 1236 (apostolius

166 1241 293 1311 semino).
319 1273 354 1284 —
381 1249 408 1310 2)
426 1249 527 1302 6666.
554 1277 588 1288 -
615 1251 641 1314 3)
662 1248 738 1300 Tollo
758 1266 793 1301 66
810 1253 972 1304 christianis
984 1253 1207 1319 imertptrontoos
1224 1257 1360 1322 congessit
1378 1253 1452 1306 Gaiti

166 1328 255 1383 iim.
276 1329 459 1394 eroriuloobr.
477 1335 501 1395 6,
518 1333 584 1385 lost
600 1350 628 1399 p.
641 1334 754 1400 267666.

706 1465 912 1475 ———-

253 1533 340 1606 8259
384 1539 415 1600 C.
432 1540 554 1619 ipitius
570 1541 687 1605 Primus
709 1543 765 1604 sibi
788 1555 816 1606 et
836 1542 841 1626 Ι
861 1546 985 1608 Aristius
1001 1547 1097 1607 brebe
1116 1545 1120 1628 Ι
1141 1550 1284 1628 poirbuoe
1306 1547 1451 1626 uxbrique

167 1659 249 1716 suae,
266 1648 295 1701 et
313 1640 319 1720 Ι
338 1641 409 1715 suis,
426 1653 602 1711 testamento
617 1663 681 1718 suo,
704 1647 861 1726 posterisq.
881 1645 887 1730 Ι
906 1665 1020 1723 eorum,
1040 1660 1070 1709 et
1084 1666 1171 1710 ossus
1187 1654 1290 1712 ebrum
1307 1650 1426 1729 quondo
1443 1645 1449 1732 Ι

167 1743 295 1822 quique¹
319 1762 422 1804 eorum
444 1745 615 1818 dicesserit,
640 1747 678 1807 ibi
699 1744 704 1831 Ι
724 1748 813 1809 condi
836 1749 882 1810 ius
904 1754 1095 1830 potestisque
1117 1759 1191 1812 esto.

254 1843 352 1894 Romae
371 1845 426 1909 (VI
439 1844 524 1898 42429
542 1845 611 1896 sidit
628 1847 756 1917 1666666).
775 1877 809 1886 -
833 1851 858 1912 1)
876 1849 934 1903 Sor.
953 1850 1072 1918 quisque.

253 1929 295 1979 Do
312 1931 363 1980 boo
381 1933 557 1997 inscriptione
574 1936 600 1982 64
617 1935 653 1982 ir'r
671 1949 740 1998 quos
756 1938 907 2000 66666666·
924 1933 959 1994 os.
975 1934 1117 1986 Mommsen
1135 1953 1196 1986 sum
1208 1952 1290 1989 roem.
1305 1935 1452 1988 Grubreoii

167 2013 312 2069 (Zeiieeiir.
329 2015 354 2070 6.
372 2015 567 2084 Saet'ffoyeiit’l.
584 2015 607 2080 Ι.
626 2017 811 2084 iiooiisgerob.
829 2020 870 2086 46,
885 2021 964 2088 4666)
982 2039 1009 2086 μ.
1021 2020 1136 2086 342666.

251 2149 339 2222 8280
382 2156 479 2218 inuio
502 2155 587 2218 Festa
614 2156 619 2240 Ι
644 2158 715 2220 iecit
736 2159 791 2220 sibi
814 2169 844 2220 et
874 2159 879 2242 Ι
910 2161 1029 2240 coniugi
1053 2162 1206 2222 carissimo
1229 2160 1287 2245 6ῑΙ
1319 2179 1395 2240 quos
1419 2161 1448 2222 iu

165 2266 343 2318 testamento
364 2256 369 2338 Ι
389 2258 513 2320 heredes
536 2260 739 2322 nominavero.

254 2356 351 2408 Romae
368 2375 424 2424 rep.
444 2359 496 2420 (Vi
511 2361 571 2411 7674
591 2361 697 2411 4166666
716 2361 784 2412 or'dil
801 2365 946 2427 imaginem
963 2364 1233 2428 photogrepbieum).

166 2446 174 2452 ¹
253 2478 339 2550 8261
382 2482 416 2543 Ι..
441 2482 589 2562 Pontius!
610 2483 745 2561 Phegeus
771 2479 776 2563 Ι
801 2482 856 2544 sibi
880 2495 910 2544 et
928 2481 933 2566 Ι
954 2484 1111 2544 Castricius
1132 2481 1136 2564 Ι
1157 2483 1312 2563 Eutychidi
1332 2481 1337 2562 Ι
1365 2481 1450 2542 uibri

164 2583 307 2661 optimae,
326 2581 332 2666 Ι
351 2583 465 2648 libertis
486 2583 682 2664 liberiibusq.
701 2581 707 2667 Ι
727 2589 809 2658 meis,
838 2590 914 2664 qubs
937 2585 1044 2648 tabuiis
1066 2581 1234 2668 66661666,
1262 2589 1449 2665 posterisque

163 2703 281 2748 eorum.

253 2786 372 2837 Puteolis
388 2803 452 2852 rep„
470 2791 509 2838 eei
527 2785 644 2854 Neapoli
660 2787 703 2854 (X
718 2789 787 2840 2878
804 2788 871 2838 vidit
889 2787 1055 2854 Mommsen).

252 2906 340 2976 8262
382 2910 481 2972 Curtia
499 2913 530 2973 P.
546 2913 564 2972 i.
581 2911 692 2991 liegilio
716 2915 787 2973 i'eeit
809 2912 864 2972 sibi
888 2921 918 2972 et
936 2911 941 2994 Ι
964 2912 994 2972 Ρ.
1010 2910 1110 2972 Curtio
1126 2912 1159 2972 P.
1175 2910 1195 2971 Ι.
1212 2911 1299 2974 Eunu
1321 2921 1449 2990 pououo

163 3030 229 3076 suo.
259 3010 264 3093 Ι
295 3012 429 3083 Quorum
454 3015 573 3074 nomina
596 3022 698 3094 posteo
722 3015 752 3074 io
776 3013 862 3074 titulo
885 3013 1007 3075 inscribi
1033 3011 1037 3096 Ι
1066 3012 1185 3073 voluero
1208 3013 1239 3073 io
1263 3013 1320 3074 boe
1341 3030 1449 3074 moou-

165 3123 280 3187 mento,
303 3124 481 3176 testamento
504 3117 688 3195 significabo.

253 3212 352 3264 Iiomoo
371 3215 425 3280 (VI
439 3216 516 3269 46666
535 3217 604 3267 vidit
622 3214 748 3286 6166666).

250 3351 339 3424 8283
382 3359 414 3417 C.
431 3357 565 3418 veiiaeus
580 3357 711 3420 Albanus
730 3357 735 3442 Ι
754 3359 809 3420 sibi
833 3368 864 3420 et
882 3356 886 3440 Ι
908 3357 1037 3419 6166666
1061 3359 1114 3417 Cn.
1138 3357 1156 3416 i.
1180 3351 1347 3442 Themidffl,
1368 3354 1373 3438 Ι
1391 3357 1449 3418 ‘ie-

165 3457 274 3536 guliioe
299 3453 330 3520 7.
352 3459 373 3520 l.
390 3459 516 3541 Procne,
536 3461 541 3540 Ι
561 3464 628 3522 Sex.
646 3460 805 3522 Polieuoio
830 3457 995 3542 6666116
1020 3459 1076 3519 boe
1099 3458 1285 3520 monimento
1308 3457 1346 3519 uli
1369 3460 1448 3520 inuri

165 3559 236 3620 iicet
255 3558 261 3644 Ι
281 3560 353 3622 nulii
377 3562 433 3624 nisi
457 3581 584 3642 quorum
610 3563 729 3625 nomina
753 3583 776 3625 s.
798 3563 833 3624 s.¹

253 3660 365 3713 666666
379 3679 445 3729 rep„
462 3669 501 3714 eoi
517 3663 633 3730 Neapoli
651 3662 704 3729 (iX
717 3665 767 3716 tob
785 3663 854 3716 uidit
871 3661 1036 3743 lliomgotsn).
1055 3689 1089 3698 —
1110 3663 1133 3724 il
1151 3658 1260 3726 Scripta
1277 3665 1350 3714 suni.

250 3797 338 3868 8284
366 3800 395 3862 d.
413 3820 452 3861 m.
472 3798 477 3886 Ι
497 3801 529 3866 G.
543 3802 702 3883 Pompeius
718 3803 861 3864 Maximus
880 3801 884 3886 Ι
905 3811 935 3862 et
949 3793 1101 3884 Pompei[u
1117 3795 1272 3883 lio]tyehia
1288 3801 1426 3862 iecerunt
1441 3797 1446 3884 Ι

150 3911 197 3965 'se
214 3903 269 3964 vivi
292 3903 406 3965 libertis
421 3903 644 3983 libertabusquo
664 3903 668 3988 Ι
689 3905 876 3985 posterisque
891 3921 996 3965 eorum
1020 3913 1049 3963 et
1064 3903 1149 3964 cuitus
1165 3919 1292 3981 eumque
1313 3899 1318 3984 Ι
1338 3923 1446 3965 nomen

165 4005 247 4066 intus
271 4007 447 4087 inscriptum
471 4006 535 4068 erit.
555 4002 561 4090 Ι
582 4007 617 4068 Η.
641 4027 679 4070 m.
703 4009 731 4072 h.
756 4027 787 4068 6.
809 4027 833 4068 6.

252 4104 352 4157 Romae
368 4107 405 4156 66
421 4109 494 4156 oium
511 4108 641 4172 Appiam,
665 4111 694 4158 in
711 4108 834 4172 repulere
854 4106 1025 4158 Volumni
1050 4108 1080 4156 ui
1096 4105 1214 4170 6666466,
1236 4121 1291 4168 rep.
1316 4104 1368 4164 (Vl
1382 4105 1448 4156 7284

164 4191 375 4254 visibilitatem
396 4195 426 4242 in
442 4199 521 4258 perio
539 4209 632 4242 666666
650 4193 747 4242 titilius
763 4206 902 4242 sorvorum
921 4190 1016 4240 domos
1035 4188 1184 4257 Volusius).

252 4331 338 4402 8665
382 4336 411 4396 6.
428 4352 465 4395 m.
485 4332 490 4419 Ι
510 4334 542 4396 C.
558 4335 653 4398 Brutti
668 4333 920 4414 Telesphoriouis,
944 4332 975 4393 C.
991 4331 1087 4396 Brutti
1102 4329 1281 4412 Proeseultis
1302 4349 1327 4390 e.
1344 4347 1383 4391 m.
1398 4335 1448 4399 v.¹,

166 4421 193 4499 ii
216 4439 290 4499 aas·
312 4438 363 4498 66.
385 4437 545 4498 Numidae
568 4436 671 4516 ipsiu,
694 4437 760 4498 luto
782 4433 849 4520 646
870 4437 980 4500 sonato
1001 4453 1017 4494 a
1040 4434 1073 4496 ι.
1096 4431 1212 4495 srutso
1236 4432 1359 4503 outnuo
1383 4433 1447 4496 crr-

165 4541 265 4620 6666,
288 4538 357 4623 iiiilo
377 4541 449 4614 eius,
472 4541 556 4614 oos.⁴,
579 4550 716 4619 petrono,
740 4539 822 4602 vivus
843 4538 900 4604 sibi
923 4540 993 4600 iecit
1015 4546 1044 4598 et
1059 4531 1171 4616 Cairieo
1194 4531 1245 4594 lib.
1268 4552 1323 4596 suo
1347 4544 1376 4595 et
1397 4553 1447 4598 ee-

164 4642 238 4704 teris
267 4643 380 4704 libertis
402 4637 632 4724 libertabuslque
662 4641 723 4702 suis
746 4641 933 4720 posterisque
963 4656 1067 4700 eorum
1090 4637 1223 4698 omnium
1243 4634 1248 4719 Ι
1268 4639 1447 4698 futurorum.

164 4742 230 4805 iloe
246 4753 472 4806 mouumentum
497 4763 533 4804 ex
556 4761 619 4804 meo
639 4741 645 4825 Ι
664 4741 831 4822 frugalitate
852 4742 907 4803 ieci
933 4741 1026 4804 eleis
1048 4739 1098 4818 qui
1121 4756 1210 4818 supro
1233 4733 1345 4821 sorilpii
1366 4747 1447 4810 suot,

1190 4837 1244 4892 67*
