3606 5426
365 371 428 431 902
921 374 1010 442 caput
1026 371 1113 429 xvu.

450 541 538 612 8279
581 543 620 609 Μ.
643 547 727 608 Aous
748 545 908 626 Tyrannus
932 545 938 632 Ι
968 546 1038 608 tecit
1059 545 1114 608 sibi
1138 555 1168 607 et
1194 543 1200 626 Ι
1231 547 1389 626 posterisq.
1412 547 1474 608 sois
1497 547 1649 623 omuibus,

365 659 395 710 et
419 646 425 733 Ι
451 649 524 710 Atiis
546 647 686 710 omuibus
707 648 758 728 qui
778 645 784 732 Ι
802 649 849 711 ius
871 647 984 710 babent
1012 649 1041 710 io
1067 657 1263 710 monumento
1289 643 1295 728 Ι
1321 650 1432 711 maiore
1455 660 1485 711 et
1506 651 1650 730 posteris-

365 769 424 831 que
447 764 560 812 eorum.

411 871 414 876 ·
451 849 548 901 Homo·
571 850 624 910 (Vl
639 851 722 902 12685
740 849 808 901 uidit
825 851 857 901 do
868 848 968 918 florei).

1289 939 1651 948 --σ---.---..

450 987 540 1058 8280
583 990 614 1052 C.
638 990 756 1070 Clepius
779 989 813 1055 T.
837 991 857 1052 i.
881 985 982 1076 P[u]p.
1016 989 1021 1074 Ι
1055 989 1181 1052 Senecio
1210 1010 1236 1051 v.
1258 991 1278 1050 l.
1307 988 1416 1052 sibiet
1449 993 1454 1068 Ι
1488 991 1522 1053 Τ.
1546 985 1650 1071 Clcpio

364 1091 489 1154 Tomrno
505 1101 592 1172 patr„
613 1088 618 1175 Ι
638 1092 756 1174 Clepiae
768 1093 820 1174 Sp.
832 1094 852 1154 i.
865 1093 999 1168 ilerdae,
1020 1090 1024 1175 Ι
1044 1086 1182 1178 Cllepice]
1196 1137 1223 1153 ..
1240 1085 1430 1178 [SJecundae‚
1450 1089 1457 1178 Ι
1475 1092 1519 1158 ll.
1534 1137 1543 1152 .
1556 1137 1564 1153 .
1576 1137 1585 1154 .
1598 1137 1606 1153 .
1619 1111 1650 1152 r-

366 1195 416 1274 qui
432 1195 462 1266 l..
483 1190 488 1275 Ι
508 1195 550 1256 Te
566 1239 574 1255 .
591 1237 599 1254 .
616 1239 624 1256 .
640 1194 737 1262 binae.
757 1193 762 1277 Ι
783 1205 813 1256 et
831 1196 856 1258 si
872 1195 939 1276 quis
958 1213 1093 1256 meorum
1119 1196 1239 1256 nomine
1259 1191 1264 1275 Ι
1285 1193 1403 1274 Clepius
1418 1195 1483 1266 erit.
1506 1193 1533 1255 ei
1550 1195 1650 1256 locum

366 1297 506 1358 humandi
526 1295 530 1380 Ι
550 1297 589 1359 do
611 1297 680 1359 item
704 1297 802 1359 locum
826 1295 928 1358 esibus
946 1301 1010 1370 (ric)
1034 1297 1194 1378 ponendis.

450 1395 568 1458 Neapoli
586 1396 775 1464 (Cittonuoua)
793 1397 911 1448 Histriae
929 1396 971 1464 (V
984 1399 1034 1451 884
1054 1397 1123 1447 uidit
1140 1395 1306 1465 Mommsen).

448 1532 536 1605 8281
581 1537 609 1598 d.
632 1556 671 1599 m.
693 1536 698 1621 Ι
724 1538 864 1599 Aemiliae
886 1537 924 1599 Μ.
948 1533 993 1621 t}
1019 1536 1135 1600 Calliste
1158 1538 1281 1600 heredes
1307 1533 1312 1621 Ι
1337 1537 1401 1599 eius
1424 1537 1452 1599 b.
1476 1557 1517 1600 m.
1540 1537 1581 1617 p.¹
1605 1536 1650 1596 le-

364 1650 480 1701 cerunt.
501 1637 506 1720 Ι
526 1639 590 1701 lluc
612 1658 651 1701 m.
676 1641 812 1702 heredem
834 1636 839 1722 Ι
858 1659 893 1702 ex
910 1641 1033 1702 nomine
1052 1639 1058 1721 Ι
1077 1640 1269 1703 Aemiliorum
1289 1638 1294 1722 Ι
1313 1651 1466 1720 sequetur,
1489 1639 1546 1700 alio
1566 1635 1572 1718 Ι
1592 1657 1650 1698 oo-

364 1741 445 1803 mioc
467 1743 607 1803 heredem
626 1737 631 1824 Ι
651 1762 712 1804 non
735 1755 889 1822 sequetur.
909 1739 968 1826 llo
992 1744 1082 1804 lroot.
1106 1763 1136 1823 p.
1152 1741 1185 1817 V,
1204 1739 1259 1825 lin
1284 1762 1410 1824 agrum
1426 1741 1484 1823 Ι
1504 1741 1535 1802 b
1551 1741 1652 1802 Aemi-

365 1843 423 1906 lius
439 1843 602 1918 immistus,
623 1841 628 1926 Ι
647 1845 679 1906 C.
695 1845 837 1907 Aemilius
852 1844 1021 1907 Extricatus
1040 1843 1045 1927 Ι
1064 1855 1208 1925 patronae
1231 1846 1376 1907 lecerunt.

450 1942 550 1994 Romo
562 1945 717 2010 aripertum
729 1946 928 1996 stosnmtr'uom
946 1960 1002 2011 rep.
1022 1944 1075 2011 (Vl
1084 1946 1151 1997 6t95
1164 1945 1258 1996 Brisio
1270 1945 1385 2012 sepulcri
1395 1945 1513 2010 cooperti
1523 1941 1589 1993 sult'
1602 1941 1652 1992 Er-

365 2028 469 2094 qrer'tr'uo
487 2045 514 2081 u.
526 2031 581 2092 te).
598 2058 633 2067 —
652 2031 676 2094 1)
695 2030 836 2082 Patr-onae.

452 2115 526 2166 Adde
544 2112 621 2175 infra
639 2112 673 2166 N.
684 2113 751 2166 8554
771 2113 934 2176 (libertis...
948 2117 1111 2182 posterisque
1130 2131 1217 2167 rorum
1237 2116 1257 2166 si
1279 2116 1323 2181 qui
1345 2113 1427 2166 Plauti
1447 2110 1651 2174 rociubuotor).

451 2250 541 2322 8282
585 2255 677 2314 ....i
700 2254 743 2316 sic
762 2251 767 2335 Ι
788 2273 948 2328 ....rum‚
971 2253 1053 2335 quib.
1070 2273 1169 2334 eumq.
1185 2253 1294 2336 aultem
1317 2254 1473 2317 mercutib.
1497 2255 1562 2316 dedi
1585 2251 1651 2336 dol·

366 2358 432 2420 uari
456 2365 522 2439 post
544 2357 622 2418 diem
646 2355 746 2418 obitus
767 2357 835 2428 ruci,
856 2355 861 2439 Ι
880 2357 977 2420 valere
992 2358 1059 2418 volo
1075 2355 1113 2418 ab
1129 2358 1287 2421 heredibus
1306 2355 1312 2443 Ι
1332 2359 1405 2421 meis
1428 2369 1458 2420 et
1479 2376 1518 2420 oe
1533 2369 1651 2428 veomt.

365 2480 404 2522 ne
425 2456 592 2542 lidulciare¹
622 2457 709 2520 liceat
737 2477 793 2520 oec
823 2459 860 2520 de
892 2461 1013 2522 nomine
1038 2457 1043 2543 Ι
1071 2461 1152 2521 exire
1175 2460 1263 2522 liceat
1283 2461 1447 2524 secundum
1476 2456 1652 2543 senitenties

364 2564 540 2645 pontitloum
563 2580 605 2627 cc
629 2560 687 2622 vv.²
707 2560 760 2624 ss.⁸

446 2664 544 2715 ltomca
561 2662 615 2725 (Vl
624 2663 708 2715 29909
719 2663 788 2714 vidit
804 2663 933 2728 licum).
946 2691 978 2702 -
1000 2665 1025 2727 l)
1039 2661 1080 2723 01:
1093 2679 1178 2729 repra
1190 2661 1224 2715 Ν.
1235 2664 1307 2716 8255
1319 2665 1419 2716 nom..
1431 2691 1466 2701 -
1484 2665 1510 2728 2)
1525 2663 1651 2715 amisse

364 2765 470 2801 munim
489 2751 617 2801 uirorum.
635 2775 670 2785 -
688 2749 714 2812 3)
733 2747 822 2814 Supra
840 2750 964 2812 scriptor.

911 2921 1113 2932 -η--η-

583 3039 628 3102 dis
650 3039 788 3102 manibus
817 3038 823 3124 Ι
853 3041 999 3120 Longinia
1023 3041 1126 3103 Procla
1156 3041 1162 3123 Ι
1193 3041 1263 3102 lecit
1283 3040 1339 3102 sibi
1361 3048 1391 3102 et
1413 3039 1473 3100 suis
1501 3036 1506 3120 Ι
1537 3037 1653 3100 libertis

366 3142 589 3221 libertabusque
608 3140 613 3222 Ι
632 3142 820 3221 posterisque
835 3161 953 3214 eorum,
976 3142 1016 3203 ita
1034 3145 1040 3220 Ι
1060 3153 1161 3223 preter
1173 3148 1237 3217 (stc)
1255 3159 1303 3204 eas
1319 3159 1377 3220 que
1392 3159 1440 3202 me
1455 3141 1547 3202 rivam
1570 3137 1651 3222 relli-

366 3254 619 3325 querunturque
642 3243 720 3304 aditu
746 3259 844 3323 oeque
863 3242 868 3328 Ι
888 3244 1012 3306 introitu
1035 3245 1166 3307 babeant
1187 3245 1216 3306 in
1241 3245 1299 3306 hoc
1322 3245 1444 3306 monim.

453 3345 483 3395 lu
500 3345 592 3395 turrita
607 3343 732 3395 ttemna
748 3360 833 3410 propr
850 3346 960 3396 Portum
973 3344 1123 3397 tiemonem
1140 3361 1196 3408 rau.
1216 3344 1297 3401 (er
1302 3343 1366 3396 4271
1386 3343 1456 3394 uidit
1472 3341 1611 3406 mnam).

450 3465 539 3538 8284
582 3468 611 3531 (l.
634 3486 673 3531 m.
694 3466 699 3554 Ι
723 3468 754 3530 C.
770 3469 892 3550 lepidio
915 3469 1049 3532 lucontio
1069 3466 1075 3554 Ι
1099 3488 1129 3549 q.
1152 3489 1178 3530 r.
1202 3488 1228 3530 a.
1245 3469 1283 3530 lll
1309 3487 1348 3531 m.
1364 3468 1406 3543 lt,
1429 3469 1499 3530 iecit
1517 3468 1523 3550 Ι
1544 3468 1576 3529 C.
1592 3468 1648 3530 Le·

365 3571 463 3653 pidius
486 3570 566 3634 Felix
589 3572 649 3634 tilio
670 3568 675 3653 Ι
702 3572 832 3654 piissimo
852 3569 857 3656 Ι
883 3583 914 3634 et
934 3572 990 3634 sibi
1013 3582 1043 3633 ct
1063 3573 1125 3634 suis
1147 3571 1260 3634 libertis
1279 3571 1284 3655 Ι
1305 3571 1527 3651 libertabusquc
1551 3581 1648 3652 poste-

365 3669 476 3756 rislque
499 3692 617 3750 eorum,
645 3686 762 3755 praeter
784 3672 973 3760 Phlelgusam
996 3674 1144 3747 libertam,
1175 3691 1213 3736 ne
1236 3675 1263 3736 ei
1291 3672 1296 3756 Ι
1320 3675 1350 3736 in
1375 3675 1432 3734 boc
1463 3674 1648 3735 monimento

366 3776 462 3838 aditus
481 3779 487 3856 Ι
505 3776 601 3838 detur.

452 3876 570 3928 Puteolis
587 3893 652 3942 rep.⁹
670 3882 709 3927 ort
726 3876 844 3942 Neapoli
860 3875 900 3944 (X
915 3879 981 3929 2649
997 3878 1066 3928 uidit
1084 3877 1250 3941 Mommsen).

452 3995 541 4067 8285
585 4000 623 4065 bl.
639 4001 780 4063 Aemilius
803 4006 921 4063 Artemo
940 3999 946 4084 Ι
965 4001 1036 4063 lecit
1055 3998 1060 4083 Ι
1079 4000 1118 4061 Μ.
1133 4001 1249 4063 Licinio
1273 4001 1419 4062 Successo
1443 3999 1527 4060 fratri
1547 3996 1553 4080 Ι
1573 4001 1649 4060 bene

366 4104 493 4166 merenti
517 4114 547 4165 ct
575 4103 581 4188 Ι
611 4103 753 4166 Caeciliae
776 4103 925 4165 Modestae
948 4103 1068 4182 coniugi
1098 4101 1103 4185 Ι
1134 4121 1215 4176 suae,
1244 4111 1273 4164 et
1294 4103 1349 4164 sibi
1373 4111 1403 4164 ct
1424 4103 1485 4164 sois
1507 4096 1647 4185 libertis}

367 4205 561 4285 libertabusq.
595 4207 752 4286 posterisq.
787 4224 906 4278 eorum,
940 4203 945 4284 Ι
980 4215 1105 4287 excepto
1140 4206 1278 4268 llermeto
1311 4204 1380 4280 lib..
1417 4223 1507 4286 quem
1541 4213 1606 4266 reto
1641 4201 1647 4285 Ι

366 4319 491 4390 propter
513 4308 619 4371 delicta
641 4327 693 4370 suu
717 4309 827 4371 aditum
850 4307 991 4369 ambitum
1016 4326 1054 4368 ue
1085 4305 1090 4390 Ι
1121 4309 1213 4370 ullum
1235 4327 1386 4370 accessum
1410 4309 1517 4370 babeat
1539 4309 1569 4370 in
1594 4309 1649 4370 lico

365 4420 573 4473 monument

453 4430 884 4578 umaa⁰(V1uor⁷0r.p.sao7
901 4509 1045 4576 aliquoties
1062 4510 1330 4563 ututscdturdorrrr
1273 4515 1361 4575 cripta
1379 4526 1448 4564 racc.
1460 4509 1517 4564 XV.
1530 4508 1615 4575 XVI).

391 4597 952 4606 ---——--⁴—--——--—---—-.
971 4601 1017 4605 -—
1028 4601 1206 4606 —..——-
1213 4602 1224 4606 ..
1282 4601 1331 4606 ...—
1337 4597 1647 4607 -————--——-=

452 4627 542 4699 8288
575 4631 607 4694 Ρ.
623 4632 724 4694 Aelius
738 4631 874 4694 Callistus
893 4629 900 4714 Ι
918 4650 1063 4694 concessu
1085 4631 1144 4695 sibi
1166 4651 1182 4694 u
1205 4633 1305 4694 llarco
1325 4631 1331 4714 Ι
1350 4633 1469 4694 Aurelio
1486 4631 1647 4712 Epagatho,

369 4743 399 4793 et
428 4731 434 4807 Ι
464 4735 563 4794 Aeliae
595 4733 837 4808 Primeniaetrtc)
861 4742 889 4794 et
920 4731 926 4814 Ι
955 4733 1086 4795 Liciniae
1113 4734 1325 4814 Antesplroridi
1353 4732 1359 4814 Ι
1394 4744 1424 4795 et
1452 4732 1566 4794 libertis
1599 4751 1647 4794 eo·
