3606 5426
371 379 434 438 912
911 385 1001 453 caput
1016 383 1104 438 XVll.

369 554 505 632 perieris,
529 554 690 618 descensus
708 561 713 634 Ι
734 557 908 618 dexterioris
932 567 1024 637 parte,
1048 575 1143 637 usque
1165 567 1194 618 at
1217 558 1336 637 cippum
1352 557 1391 616 lll
1415 575 1483 618 cum
1504 553 1509 637 Ι
1529 555 1654 617 taberna

368 657 412 715 via
435 656 492 716 lata
514 675 530 716 a
554 658 667 737 pariete
697 677 725 738 p.
751 658 772 716 V
796 659 900 721 cedere
924 657 1068 742 debebit,
1099 669 1130 720 et
1155 659 1229 739 pilas
1258 660 1406 721 structiles
1429 658 1468 732 ll,
1498 657 1654 739 usquead

368 757 485 819 ianuam
506 757 510 840 Ι
537 761 707 840 superiore3
739 761 945 841 hypaepelus⁸
973 761 1042 822 huic
1072 762 1157 823 cedat
1186 764 1216 823 in
1239 758 1347 844 rilgore
1371 761 1514 823 maceriae
1537 768 1568 820 et
1588 759 1654 820 lur-

368 877 468 920 carnm
491 872 521 922 et
543 879 591 922 ara
616 864 645 922 in
670 864 744 942 qna⁴

457 961 566 1018 Tibure.
594 979 665 1013 rauce
683 961 784 1014 Romae
810 961 886 1025 (XIV
901 963 970 1016 5857
991 964 1069 1030 atde).
1099 993 1134 1002 -
1165 967 1190 1026 ll
1212 961 1376 1028 Requirilur
1394 979 1472 1014 canu
1488 966 1600 1026 prrimus.
1619 989 1654 1000 --

368 1050 393 1109 2)
413 1045 560 1097 Grnduum.
578 1075 613 1084 -
632 1049 657 1104 3)
676 1047 715 1106 Cf.
737 1048 776 1098 VI
790 1050 877 1102 00800.
896 1078 928 1086 -
947 1051 974 1114 t)
992 1049 1096 1099 Desunt
1114 1049 1255 1114 quaedam,
1274 1049 1363 1112 lupide
1381 1051 1496 1113 integro.

452 1181 536 1252 8³51
581 1189 615 1245 Α.
643 1187 771 1250 l'lautius
793 1188 935 1249 Euhodus
957 1188 1013 1248 sibi
1036 1199 1065 1248 et
1087 1188 1187 1249 liberis
1209 1189 1273 1253 suis
1297 1186 1302 1271 Ι
1328 1190 1362 1247 Α.
1387 1188 1500 1248 Plautio
1523 1186 1652 1266 Daphne

367 1297 396 1350 et
419 1287 548 1349 Plautiae
570 1287 766 1368 Primigeniae
789 1301 819 1352 et
838 1287 843 1371 Ι
864 1291 993 1352 Plautiae
1017 1289 1164 1352 Laurillae
1187 1300 1217 1352 et
1240 1289 1369 1352 Plautiae
1385 1289 1489 1352 Festae
1512 1299 1542 1350 et
1565 1288 1652 1350 Plau·

367 1391 424 1452 tiae
447 1390 607 1452 Successae
630 1402 660 1452 et
678 1389 684 1473 Ι
704 1396 737 1453 Α.
753 1393 868 1455 Plautio
891 1393 1026 1466 asbesto,
1044 1392 1158 1456 libertis
1180 1391 1403 1473 libertabusque
1425 1391 1487 1453 suis
1508 1389 1652 1472 posteris·

366 1511 425 1571 que
457 1511 562 1554 eorum
592 1493 616 1554 is
646 1495 695 1573 qui
727 1493 732 1576 Ι
763 1496 858 1557 Plauti
885 1497 1105 1556 vocitabantur.
1150 1493 1239 1556 Vicus
1269 1489 1464 1580 Spu[ra']anus
1492 1512 1561 1554 cum
1589 1493 1652 1554 suis

368 1595 514 1656 meritoris
541 1603 571 1656 et
592 1596 686 1656 diaeta
706 1597 712 1679 Ι
731 1616 808 1676 quae
830 1607 875 1660 est
896 1599 996 1659 iuncta
1019 1599 1089 1658 huic
1110 1609 1307 1658 monumento
1331 1616 1400 1659 cum
1422 1591 1507 1681 sui[s]
1530 1595 1650 1676 parieti-

365 1695 422 1758 bus
445 1705 474 1756 et
496 1697 698 1760 fundamentis
720 1699 789 1760 huic
805 1711 992 1763 monument.
1015 1699 1109 1760 cedet.
1129 1697 1134 1782 Ι
1156 1699 1186 1761 Si
1203 1699 1253 1779 qui
1277 1719 1312 1762 ex
1328 1699 1419 1779 isqui
1441 1696 1650 1777 suprascripti

365 1806 436 1859 sunt
459 1798 540 1859 bunc
562 1811 789 1862 monumentum
813 1803 972 1864 autricum
989 1801 1171 1881 Spuriaoum
1191 1799 1195 1885 Ι
1216 1811 1266 1862 aut
1282 1801 1375 1862 diaeta
1399 1819 1474 1880 quae
1489 1810 1535 1860 est
1549 1799 1649 1858 iuncta

365 1901 434 1960 huic
457 1913 652 1963 monumento
675 1905 804 1964 vendere
828 1905 934 1976 volent,
956 1903 960 1986 Ι
981 1917 1053 1965 tunc
1075 1903 1111 1963 ad
1137 1902 1366 1983 rempublicam
1390 1903 1524 1964 coloniae
1542 1901 1649 1961 Puteo-

365 2003 449 2062 lanae
471 2001 641 2082 pertinebit.

451 2105 567 2153 Avernae
585 2105 614 2152 in
634 2103 781 2167 Campania
799 2103 838 2171 (X
851 2107 920 2159 5750
937 2107 1007 2156 vidit
1024 2107 1056 2158 F.
1070 2106 1102 2157 de
1114 2105 1218 2173 Dedo).

448 2222 536 2292 8352
579 2225 722 2288 Caeciliae
746 2228 778 2288 ll.
801 2228 848 2289 Β)
871 2225 1021 2289 Caecilior.
1054 2226 1059 2313 Ι
1089 2228 1245 2308 Trophimi
1275 2237 1305 2288 ct
1327 2227 1400 2307 Legi
1423 2226 1474 2288 lib.
1498 2225 1614 2306 llelpidi
1641 2221 1646 2306 Ι

365 2325 399 2386 ll.
415 2325 559 2388 Caecilius
575 2326 687 2389 Vindex
710 2329 790 2390 aviae
812 2331 945 2409 pientiss.
967 2326 971 2409 Ι
991 2331 1070 2402 lecit,
1094 2342 1124 2391 et
1144 2330 1242 2393 libert.
1265 2329 1455 2409 libertabnsq.
1480 2323 1644 2410 postelristp

364 2429 436 2498 eine,
460 2439 491 2490 et
511 2430 675 2510 praecepit,
697 2440 729 2491 ut
752 2431 787 2492 ad
811 2433 833 2493 it
854 2431 858 2514 Ι
878 2432 1069 2513 sepulchrum
1092 2433 1199 2494 hortus
1221 2435 1273 2512 qui
1296 2442 1342 2494 est
1361 2433 1478 2494 cinctus
1497 2426 1502 2511 Ι
1521 2429 1646 2490 maceria

363 2541 393 2593 et
414 2532 491 2592 dieta
515 2532 632 2594 aiuncta
656 2534 760 2596 ianuae
781 2533 785 2616 Ι
805 2535 956 2596 custodiae
979 2553 1065 2597 causa
1088 2535 1249 2614 sepulchro
1265 2536 1358 2606 cedat,
1379 2530 1384 2615 Ι
1403 2542 1433 2596 et
1447 2534 1520 2594 itum
1537 2531 1645 2592 aditum

363 2632 505 2694 ambitum
529 2631 724 2718 sacridicique
747 2637 876 2698 faciundi
900 2655 986 2699 cansa
1010 2638 1153 2716 proximis
1172 2636 1176 2719 Ι
1198 2639 1262 2699 eius
1284 2647 1364 2699 recte
1386 2637 1482 2697 liceat.

447 2732 547 2785 Romae
565 2734 617 2796 (Vl
633 2738 722 2791 {5825
739 2738 774 2797 es.
792 2755 818 2803 p.
835 2739 903 2791 ddid
920 2738 1064 2802 aliquoties
1081 2737 1215 2802 desumto
1233 2754 1303 2790 saec.
1318 2736 1403 2803 XVI).
1422 2764 1456 2773 -
1481 2737 1506 2801 1)
1523 2733 1646 2784 Duorum

361 2818 543 2872 Decimae-um.

447 2955 534 3026 8353
578 2960 612 3020 T.
636 2960 752 3024 Flavius
772 2963 848 3042 Aug.
870 2962 920 3023 lib.
940 2962 946 3046 Ι
966 2962 1059 3023 Alcon
1084 2974 1114 3022 et
1138 2961 1266 3024 Antonia
1285 2961 1291 3044 Ι
1318 2962 1397 3043 Lyde
1420 2968 1616 3022 monumento
1637 2953 1643 3042 Ι

362 3062 501 3121 lecerunt
523 3061 578 3122 sibi
602 3071 632 3122 et
653 3061 739 3142 suis}
764 3064 876 3126 libertis
899 3063 1091 3143 libertabusq.
1111 3061 1116 3146 Ι
1143 3065 1353 3126 communibus
1375 3061 1573 3146 positorisque
1595 3079 1644 3122 eo·

362 3181 428 3222 rum
443 3158 448 3244 Ι
469 3181 537 3224 cum
553 3162 687 3224 aedilicio
702 3166 704 3177 '
719 3165 900 3228 Escitatiano
916 3163 1075 3251 cusitodiae
1098 3185 1186 3227 carisa
1203 3165 1408 3248 moinumenti.
1439 3167 1514 3227 ltum
1530 3163 1644 3247 lectum

361 3264 471 3325 aditum
493 3261 498 3345 Ι
517 3280 558 3349 (tn
577 3281 660 3333 tatere
677 3287 741 3349 sin.)
765 3268 908 3330 ambitum
927 3267 932 3346 Ι
959 3269 996 3329 ita
1019 3279 1053 3329 ut
1073 3269 1128 3329 viri
1154 3269 1159 3351 Ι
1188 3268 1389 3349 possedimus,
1416 3267 1420 3350 Ι
1446 3267 1618 3348 posterique
1637 3261 1642 3348 Ι

363 3367 457 3428 nostri
480 3361 679 3451 poissideant,
700 3367 705 3454 Ι
731 3371 784 3432 vivi
808 3371 877 3432 rivis
897 3369 902 3453 Ι
922 3370 1065 3440 dedimus,
1086 3369 1091 3452 Ι
1119 3370 1242 3432 inscribi
1262 3370 1268 3454 Ι
1287 3371 1436 3434 iussimus.
1468 3367 1474 3450 Ι
1501 3382 1545 3453 (to
1565 3383 1645 3432 mere

361 3485 471 3550 uestro)
495 3472 573 3548 quod
597 3472 621 3532 si
645 3473 690 3552 qis
703 3480 767 3545 (stc)
793 3473 798 3557 Ι
825 3491 928 3534 eorum
951 3469 1077 3559 paritem
1106 3473 1180 3535 iuris
1206 3470 1210 3553 Ι
1235 3473 1281 3536 sui
1305 3472 1478 3535 vendiderit
1505 3480 1557 3531 eut
1583 3487 1617 3530 ex
1637 3463 1642 3550 Ι

362 3591 489 3634 consesu
514 3573 736 3650 universorum,
760 3573 765 3658 Ι
792 3595 824 3636 ea
848 3577 973 3654 pecunia
997 3577 1027 3637 in
1047 3579 1052 3651 Ι
1073 3575 1219 3636 aerarium
1249 3572 1359 3658 poipuli
1382 3575 1508 3635 Romani
1531 3569 1643 3656 inllerri

362 3673 507 3736 iubemus.
528 3671 532 3758 Ι
554 3675 617 3736 Hoc
639 3695 813 3739 monumen.
834 3679 838 3759 Ι
859 3696 926 3738 cum
946 3697 998 3740 sua
1013 3674 1146 3760 custodia
1160 3683 1223 3750 (ste)
1247 3677 1386 3738 heredem
1410 3695 1471 3737 non
1494 3686 1643 3756 sequetur.

446 3772 546 3825 Rerttne
564 3775 617 3834 (VI
632 3776 719 3830 40238
737 3778 804 3828 otdtt
821 3778 980 3840 Bormann).

648 3867 755 3874 ——u—--
761 3869 819 3874 -—
826 3870 888 3875 ——.
1204 3867 1225 3872 -.
1230 3867 1280 3872 ...—
1291 3865 1643 3873 —---·—-.—-—————

446 3893 533 3964 flbl
572 3893 626 3983 [inl
643 3903 698 3960 t'ro.
715 3895 788 3985 [ple.
805 3901 838 3974 x,
859 3899 864 3983 Ι
884 3903 913 3961 in
931 3921 992 3980 agr.
1010 3920 1056 3980 pe.
1073 3901 1135 3962 XX.
1156 3897 1160 3982 Ι
1182 3901 1242 3961 lter
1256 3901 1291 3960 ad
1307 3899 1335 3959 id
1355 3895 1360 3979 Ι
1380 3916 1514 3959 monum.
1531 3893 1640 3981 latum}

362 4001 429 4079 ped.
446 3999 484 4059 Vl
508 3999 643 4062 debetur.

447 4101 534 4164 Prope
550 4100 661 4152 Romam
683 4119 738 4167 rep.
762 4101 798 4152 ad
820 4104 891 4151 eiam
910 4103 1109 4153 Praenestinum
1137 4100 1339 4164 (105000)-
1358 4100 1465 4152 Notiaie
1482 4101 1556 4166 degli
1572 4102 1644 4150 scoot

361 4186 425 4238 {890
441 4204 470 4250 p.
481 4186 552 4254 420).

446 4305 531 4376 8355
576 4303 606 4369 in
630 4311 721 4371 lront.
745 4329 774 4390 p.
798 4309 852 4382 CC,
873 4307 878 4391 Ι
898 4312 927 4371 in
952 4327 1011 4390 agr.
1038 4305 1135 4395 [pled.
1159 4309 1242 4371 CLX.
1263 4305 1267 4394 Ι
1289 4309 1346 4370 lter
1371 4304 1419 4394 [nd
1440 4273 1643 4393 erlem-lino·

345 4406 524 4498 vn[u]menti
543 4411 549 4488 Ι
569 4411 599 4474 in
623 4422 813 4492 perpetuum.

447 4514 595 4577 Pr'vt'grtogi
612 4513 675 4576 egri
693 4511 836 4576 Baiouarii,
855 4513 910 4561 inm
928 4511 1041 4561 Briseide
1060 4510 1097 4572 (V
1108 4511 1172 4562 0787
1190 4511 1259 4562 or'dit
1278 4510 1446 4577 Mommsen).

445 4629 533 4701 8³56
569 4635 657 4696 huius
673 4633 848 4696 moniment.
869 4630 873 4716 Ι
893 4633 1036 4713 emptioni
1060 4631 1210 4712 recesset
1230 4634 1296 4706 iter,
1319 4626 1426 4718 ac[t]us
1448 4632 1484 4694 ad
1501 4629 1641 4716 pudeam,

362 4733 485 4795 haustus
505 4733 509 4816 Ι
529 4753 622 4815 aquae
646 4755 680 4796 ex
704 4731 885 4818 suburlbano
910 4735 1068 4796 Rutilieno.
