3606 5426
495 412 582 469 Tituli
602 411 783 483 sepulcrales.
801 441 836 454 -
854 411 1036 468 Columbaria
1059 411 1144 468 Ollae.
1402 409 1464 470 853

264 583 351 655 ’1930
395 583 576 672 [affricanus
598 590 673 668 Aug.
703 604 793 649 verna
818 583 824 670 Ι
850 580 987 672 [iderti]¹
1018 585 1069 665 qui
1096 595 1241 666 utsupra
1267 584 1432 647 aediculam
1458 579 1465 670 Ι

174 684 269 778 [cu]m
293 689 434 752 cancellis
456 698 487 751 et
510 690 693 752 ornamentis
716 685 722 774 Ι
748 684 867 775 [criseis
890 697 920 751 et
942 688 1076 770 hydriam
1100 688 1278 770 onychinum
1304 683 1309 771 Ι
1336 683 1415 772 [silhi
1438 697 1468 750 et

173 794 239 856 suis
260 793 451 874 posterisque
473 811 578 854 eorum
598 789 603 874 Ι
622 792 659 854 de
681 810 738 855 suo
761 811 794 855 sc
816 792 880 854 vivo
904 793 984 854 lecit.

267 892 368 944 Romae
388 895 420 943 in
441 897 615 945 monumento
636 895 667 944 ίιι
690 907 743 959 quc
767 890 802 946 Ν.
818 891 910 946 78951.
933 890 1028 957 tasse,
1053 891 1101 943 red
1125 892 1222 943 titulus
1244 895 1338 957 posteo
1359 889 1469 942 additus

174 978 232 1040 {VI
242 979 310 1030 dddd
327 977 397 1030 uidit
408 978 539 1047 Hersen).
550 1005 586 1018 -·
607 980 631 1044 1)
650 977 793 1044 Supplevit
809 976 966 1041 Mommsen,
985 973 1108 1038 resersus
1125 976 1162 1028 ud
1173 975 1338 1038 Africanum
1350 976 1469 1040 August

173 1077 283 1114 remor
301 1064 350 1128 qur·
366 1068 534 1115 remoratur
553 1063 592 1116 VI
605 1065 684 1117 5505.

260 1199 345 1271 ’1931
376 1205 461 1265 dm.
480 1201 486 1284 Ι
506 1203 542 1275 Ο.
559 1203 661 1265 Caelio
677 1201 773 1283 carpo
791 1212 821 1264 et
836 1202 954 1265 (idaliae
970 1201 1132 1282 Trophime
1152 1199 1158 1284 Ι
1177 1211 1208 1263 ct
1223 1196 1359 1288 lib[e]rtis
1375 1201 1466 1262 liber·

173 1304 291 1386 tubusq.
314 1305 472 1387 posterisq.
496 1324 610 1367 eorum.
642 1302 647 1387 Ι
677 1306 720 1366 Ad
739 1306 818 1366 hanc
840 1303 1004 1367 aediculam
1027 1303 1154 1366 ollarum
1176 1300 1206 1366 ti.
1222 1302 1275 1378 vt,
1298 1311 1328 1366 et
1350 1303 1468 1366 colum·

173 1407 238 1470 har.
258 1406 263 1492 Ι
283 1407 381 1470 iurata
394 1415 463 1482 (sto)
486 1408 609 1471 aedicul.
634 1401 665 1470 ιῑ.
681 1406 719 1468 vt
742 1407 825 1469 ollas.
850 1405 880 1469 n.
896 1405 964 1482 itti,
988 1407 1141 1486 elangui.
1164 1406 1286 1486 parietis
1306 1403 1313 1490 Ι
1336 1405 1466 1467 columb.

172 1512 204 1574 ιἰ.
227 1510 268 1572 lli
290 1511 375 1572 ollar.
399 1512 431 1573 ιἰ.
454 1511 508 1586 vt,
537 1512 597 1574 itus
619 1511 716 1573 aditus
738 1509 877 1583 ambitus,
906 1509 1009 1593 trial}
1033 1510 1151 1572 culinae
1174 1528 1246 1572 usus
1276 1526 1370 1592 aquae
1392 1508 1467 1570 hau·

172 1613 271 1676 riend.
295 1629 458 1676 concessus
480 1609 539 1672 est¹
559 1607 565 1694 Ι
589 1613 626 1686 Q.
643 1612 744 1676 Gaulio
768 1609 864 1693 Carpo
886 1610 924 1673 ab
948 1611 1017 1674 Ser.
1037 1600 1160 1673 lloratid
1183 1611 1382 1676 Diadumeno.

259 1711 358 1764 Romus
382 1710 441 1776 (Vt
453 1713 533 1764 44614
551 1715 620 1766 utute
637 1713 780 1780 colossi).
799 1743 832 1754 -
853 1715 878 1778 1)
898 1711 941 1774 Cf.
960 1711 996 1764 Ν.
1007 1711 1190 1766 susc-8365.

258 1850 347 1922 '1982
390 1852 418 1914 d.
442 1872 481 1913 m.
505 1873 528 1914 s.
557 1852 562 1937 Ι
591 1854 627 1917 Ν.
649 1854 758 1918 Fadius
780 1855 908 1917 Hermes
931 1864 962 1917 et
982 1853 1127 1916 Ferrenia
1150 1851 1297 1914 Restituta
1319 1870 1388 1913 cum
1411 1848 1468 1912 Fa-

173 1957 218 2020 dis
246 1956 288 2018 fit
319 1952 324 2039 Ι
354 1955 417 2018 suis
447 1954 559 2032 lambo,
593 1956 692 2032 Festo,
726 1956 837 2019 Fronto
867 1969 897 2020 et
923 1957 1078 2019 Conllonia
1101 1955 1264 2018 Fortunata
1295 1951 1301 2038 Ι
1329 1956 1469 2016 fecerunt

172 2060 230 2124 sibi
252 2067 283 2121 et
304 2059 366 2122 suis
389 2057 440 2120 lib.
462 2056 658 2140 libertabusq.
682 2060 842 2141 posterisq.
866 2079 929 2122 eor.
963 2057 968 2144 Ι
1003 2059 1048 2120 sd
1072 2058 1125 2121 has
1147 2057 1316 2120 hecdiculas
1343 2067 1373 2118 ct
1395 2055 1468 2118 ollas

172 2162 248 2225 itum
271 2160 384 2224 aditum
407 2159 508 2242 ambit.
531 2169 561 2222 et
580 2158 586 2243 Ι
605 2162 743 2224 haustum
766 2163 910 2244 praestari
932 2161 1067 2236 debetur,
1091 2161 1122 2223 in
1145 2161 1246 2223 fronte
1268 2159 1468 2240 comprehen-

175 2266 217 2328 sis
243 2262 249 2348 Ι
274 2263 416 2325 aediculis
437 2262 533 2325 tribus
561 2263 629 2344 ped.
653 2274 731 2340 octo,
759 2266 910 2327 introrsus
932 2263 1000 2344 ped.
1023 2263 1093 2339 duo,
1125 2261 1131 2347 Ι
1160 2263 1191 2324 in
1216 2261 1326 2342 quibus
1352 2262 1415 2323 aed.
1438 2269 1469 2322 et

175 2365 306 2429 columb.
329 2362 377 2450 <et
399 2362 575 2450 cinerat·is)¹
606 2366 664 2428 olla
693 2375 765 2429 suni
787 2366 928 2430 nillil!
951 2380 995 2450 (tn
1012 2385 1093 2444 parre
1111 2397 1205 2433 avorsa
1227 2381 1298 2433 atim
1316 2377 1434 2448 attolus).

260 2464 360 2518 Romae
377 2466 414 2516 ud
432 2469 503 2516 uiuos
521 2465 638 2532 Appium
655 2483 712 2533 rep.
731 2467 786 2530 (VI
794 2468 878 2520 47655
896 2467 965 2517 uidit
983 2466 1112 2533 Heracon).
1129 2493 1164 2505 —
1183 2468 1208 2530 l)
1227 2465 1299 2516 Haec
1315 2469 1420 2531 scriptu
1438 2467 1468 2516 a'n

173 2567 254 2602 cerm
271 2555 402 2617 sequenti,
420 2567 436 2601 a
454 2554 588 2617 scripture
605 2556 636 2601 ut
652 2552 762 2604 uidetur
776 2554 897 2617 primum
914 2554 1022 2603 omissa.

262 2688 347 2760 7033
392 2691 511 2754 Claudia
542 2693 676 2774 Prepusa
710 2692 781 2755 emit
814 2692 850 2754 dc
881 2693 915 2754 L.
940 2693 1080 2774 calpurn.
1111 2689 1117 2778 Ι
1148 2694 1274 2775 Sperato
1308 2703 1338 2754 et
1370 2693 1468 2754 Nouia

174 2793 338 2856 Fortunata
358 2793 364 2876 Ι
383 2793 440 2858 sibi
463 2801 493 2856 et
512 2793 658 2858 Successo
681 2795 753 2876 imp.
769 2795 942 2878 Vespasiani
959 2797 965 2874 Ι
985 2795 1119 2859 Caesaris
1133 2813 1192 2856 ser.
1209 2795 1370 2857 Octaviano
1393 2813 1468 2855 con·

173 2897 238 2978 iugi
255 2895 263 2979 Ι
281 2916 336 2959 suo
357 2893 419 2962 ΙΙΙ
430 2893 492 2962 ll!
502 2894 515 2961 i
526 2895 564 2962 ii
574 2895 588 2962 ,Ι
596 2897 605 2931 ¹
630 2895 635 2982 Ι
662 2899 727 2961 cius
749 2898 937 2978 posterisque
960 2899 1022 2960 suis
1042 2899 1187 2980 parietem
1208 2899 1300 2973 hunc,
1320 2893 1326 2980 Ι
1351 2897 1382 2958 in
1407 2914 1467 2977 quo

173 3007 247 3062 sunt
268 2999 319 3061 cll.
342 2999 427 3074 nrt,
457 3010 487 3062 et
508 3019 524 3061 a
546 3002 659 3082 pariete
679 2996 685 3086 Ι
704 3002 908 3082 pavimentum
931 3000 980 3063 lat.
1002 3021 1033 3083 p.
1056 2999 1131 3075 13²,
1162 3001 1291 3064 cinerar.
1313 3008 1343 3062 ct
1361 2996 1367 3081 Ι
1388 2997 1468 3061 aedi-

175 3101 236 3163 cul.
259 3100 308 3162 lat.
331 3120 362 3182 p.
384 3100 428 3163 Is.

262 3199 371 3264 Romae,
394 3217 468 3254 nunc
485 3202 611 3255 Paludem
635 3203 688 3266 (Vt
704 3203 785 3256 4555!
809 3203 1034 3272 storatianum).
1060 3229 1095 3242 -
1124 3205 1149 3267 1)
1168 3200 1309 3254 Nonnulla
1327 3218 1414 3255 noro.
1434 3229 1469 3242 -

175 3289 205 3350 2)
221 3285 322 3338 Lotum
337 3287 431 3352 pedem
450 3291 476 3337 cl
493 3288 681 3354 quadrantem.

1416 3373 1469 3386 und

261 3406 367 3478 '1983‘
395 3411 428 3471 in
456 3410 515 3473 hoc
543 3413 657 3491 pariete
686 3410 891 3495 quaesunt!
923 3412 1105 3474 columbaria
1132 3414 1223 3474 totius
1245 3409 1376 3494 parisitis
1406 3412 1468 3474 sive

173 3512 279 3574 ollaria
307 3530 403 3592 usquo
430 3511 468 3574 ab
498 3508 504 3595 Ι
533 3521 613 3576 terra
637 3513 860 3590 ademarum,
890 3522 921 3576 et
942 3522 1012 3576 aute
1041 3511 1047 3597 Ι
1079 3515 1244 3577 aediculam
1268 3515 1434 3578 omuarium
1457 3509 1466 3600 Ι

173 3614 291 3678 Olilliae
312 3613 457 3697 liquidis,
486 3615 560 3679 iuris
578 3615 584 3700 Ι
605 3624 678 3678 sunt
698 3615 771 3678 mihi
794 3625 824 3678 et
845 3617 920 3680 meis
944 3611 1143 3702 postcirisque
1166 3635 1281 3694 corum,
1309 3636 1438 3698 quorum
1456 3613 1465 3706 Ι

173 3716 301 3778 honoris
325 3734 413 3780 causa
435 3715 622 3801 compasravi.

259 3815 360 3869 lionae
380 3835 437 3884 rep.
456 3816 511 3881 (Vt
524 3820 611 3872 satec
629 3818 700 3869 varst
718 3819 848 3886 Henaton).

260 3935 371 4008 ''1938''
406 3941 440 4003 L.
456 3942 600 4004 Hostilius
622 3941 830 4024 Fortunatus!
856 3943 913 4006 sibi
935 3952 965 4006 et
983 3942 988 4026 Ι
1009 3911 1330 4006 Hostiliae-lanuarias
1351 3945 1438 4018 illias,
1459 3939 1465 4028 Ι

172 4044 246 4106 item
261 4042 376 4106 libertis
391 4043 614 4124 libertabusque
629 4045 691 4107 suis
711 4041 717 4127 Ι
734 4045 923 4126 posterisque
947 4063 1052 4107 eorum
1067 4045 1146 4110 lecit.
1166 4045 1172 4128 Ι
1190 4045 1317 4108 Exterae
1340 4047 1466 4108 familiae

173 4145 272 4208 aditus
294 4165 357 4208 non
379 4147 475 4221 datur,
496 4141 503 4230 Ι
521 4165 578 4209 nec
600 4147 667 4209 iure
691 4146 757 4226 quis
779 4145 810 4208 in
833 4148 892 4210 hoc
916 4156 1114 4210 monumento
1135 4143 1141 4229 Ι
1160 4147 1234 4210 ollas
1256 4157 1344 4211 emet.

258 4243 359 4296 Romae
377 4245 433 4314 (Vt
446 4248 529 4302 40002
548 4248 633 4301 ἄσειν.
649 4263 720 4301 succ.
737 4245 816 4300 XVII
832 4247 1014 4316 Fabrettr'us).

259 4381 346 4454 ‘1934
389 4385 474 4450 Gatta
496 4387 654 4450 llarcanus
677 4399 707 4450 et
728 4387 825 4451 arista
844 4387 850 4472 Ι
869 4388 1022 4451 mamana¹
1049 4389 1203 4451 donarunt
1224 4379 1465 4466 monumenltum

172 4488 354 4552 lucendum¹
381 4499 451 4572 post
472 4499 604 4558 uosuam
628 4501 756 4553 mortem
775 4487 781 4575 Ι
801 4491 933 4573 exceptis
959 4491 1026 4554 ollis
1048 4490 1173 4553 duabus.
1217 4489 1282 4550 lloc
1305 4497 1338 4552 ut
1358 4483 1466 4575 fler[e]t

172 4585 387 4678 [dissligenter'
415 4593 575 4674 atquibus
598 4594 671 4656 ollas
692 4593 800 4656 donavi
818 4590 824 4678 Ι
849 4594 1023 4669 reddantur,
1052 4602 1082 4656 et
1104 4602 1138 4655 ut
1159 4599 1301 4655 tucantur
1320 4590 1364 4653 illi
1387 4587 1465 4676 quil·

172 4691 233 4756 bus
254 4693 327 4757 ollas
351 4694 474 4773 donati,
496 4703 728 4759 monumentum
747 4693 753 4780 Ι
771 4715 872 4760 meum
887 4696 922 4760 L.
932 4696 1057 4759 Potiilo⁴
1080 4694 1285 4777 Epaphrodito
1302 4702 1332 4766 et
1345 4692 1464 4756 Pellia⁸.

171 4795 206 4858 L.
223 4795 243 4859 l.
260 4791 450 4884 [Pjsychcnic
480 4818 542 4862 non
564 4799 683 4861 vendidi
702 4794 708 4882 Ι
727 4799 779 4862 sed
801 4799 924 4862 donavi:
953 4799 1011 4862 hoc
1034 4801 1074 4862 ita
1095 4798 1238 4861 convenit
1259 4817 1283 4861 s.
1307 4796 1335 4858 d.
1358 4796 1412 4858 ιιι·
