3608 5416
882 1111 1023 1180 OAPVT
1044 1112 1136 1178 XIX.

769 1263 1047 1342 ANALEOTA
1073 1264 1247 1341 VARIA.

956 1440 1055 1448 ——-

748 1557 947 1634 vasculum
979 1556 1266 1632 Dreseelianum.

454 3514 522 3576 love
544 3514 603 3576 sat¹
627 3510 726 3575 deivos
749 3513 798 3592 qoi
821 3513 888 3574 med
913 3513 1002 3574 mitid
1026 3511 1074 3572 nei
1097 3510 1147 3573 ted
1169 3511 1247 3574 endo
1263 3512 1373 3575 cosmis
1393 3491 1473 3575 virae
1496 3513 1558 3575 sied
1574 3511 1654 3575 ested

369 3616 446 3679 noisi
475 3634 532 3697 ape
554 3614 681 3679 toitesiai
704 3614 803 3696 pacari
826 3615 897 3676 vois.
928 3649 971 3660 —
1003 3613 1126 3676 Duenos
1148 3614 1214 3675 med
1239 3614 1323 3676 seced
1350 3633 1387 3676 en
1412 3632 1530 3677 manem
1555 3615 1653 3676 einom

368 3717 532 3779 daeneine¹
554 3717 622 3778 med
643 3717 747 3778 maao⁸
769 3715 874 3779 statod.

455 3816 600 3870 Vaseutum
617 3815 797 3882 argillaeeum
814 3815 916 3880 triptese
934 3815 983 3882 (ea
995 3816 1081 3866 tribue
1098 3814 1208 3866 doliolis
1222 3815 1463 3885 coagmentatus),
1480 3815 1580 3868 dianae
1597 3831 1653 3882 rea.

368 3904 441 3953 tmter
463 3899 630 3966 Quinum
654 3905 680 3953 et
703 3899 878 3964 Vimimatem‚
904 3899 951 3950 sed
971 3900 1052 3964 piane
1073 3903 1207 3951 imeertum
1230 3915 1296 3952 reum
1320 3899 1377 3952 taso
1401 3903 1526 3968 antiqua,
1549 3904 1579 3952 im
1601 3917 1653 3968 qua

366 3986 429 4039 stite
447 3988 557 4038 emas-ati
574 4001 666 4038 rerem
683 3986 737 4038 dua
755 3987 798 4038 vel
815 3990 869 4037 tres
887 3985 987 4036 titteris
1005 3987 1200 4050 antiquissimis
1220 3985 1266 4053 (H.
1279 3985 1393 4050 Dresset,
1410 3987 1458 4052 qui
1469 3985 1613 4050 indagavit
1629 3991 1655 4037 et

367 4073 420 4124 sibi
439 4072 607 4137 comparauit
626 4073 734 4137 primus
755 4071 841 4122 edidit
862 4070 974 4121 adiutus
996 4087 1013 4120 a
1037 4069 1200 4122 Bueelietera
1222 4086 1286 4124 arem.
1304 4074 1366 4124 inst.
1384 4072 1460 4124 aree.
1477 4072 1543 4124 t880
1559 4087 1586 4138 p.
1604 4071 1654 4124 488

367 4159 421 4210 tad.
434 4156 478 4224 L).
517 4154 715 4208 trecasenum
725 4156 871 4208 Buecheler
887 4171 955 4208 mese.
968 4153 1050 4208 iiten.
1062 4156 1105 4220 88,
1123 4155 1187 4208 4884
1202 4171 1231 4224 p.
1243 4157 1374 4222 tidem·
1391 4154 1494 4208 lardum
1513 4156 1602 4208 Herm
1615 4157 1654 4221 48,

368 4242 431 4295 4884
443 4259 471 4310 p.
483 4243 537 4295 223
545 4257 607 4308 seq.¹
626 4241 723 4292 deinde
739 4241 819 4294 multi
836 4242 895 4307 etit,
910 4241 1052 4307 plerasque
1069 4244 1239 4293 enumeratas
1255 4242 1335 4292 tabes
1353 4239 1418 4294 CIL.
1437 4241 1453 4291 1
1467 4241 1537 4293 edd
1555 4257 1582 4307 p.
1594 4240 1654 4294 374.

368 4327 458 4398 Issets'a
479 4327 639 4395 plerumque
660 4331 733 4378 aerta
753 4327 812 4389 (sed
828 4324 864 4387 es.
881 4330 938 4378 mat.
949 4326 991 4394 d),
1016 4327 1071 4376 misi
1088 4325 1161 4391 quad
1179 4330 1292 4393 propter
1313 4326 1479 4391 scripturam
1496 4329 1654 4378 mutinum

366 4427 453 4479 meque
464 4411 529 4466 ullis
536 4415 647 4479 punctis
665 4410 707 4466 vel
722 4414 818 4479 spatiis
835 4411 990 4462 distinctam
1009 4409 1164 4463 distributio
1180 4411 1372 4463 uocabulorum
1390 4413 1419 4462 im
1432 4413 1589 4463 comatum
1605 4428 1653 4479 pa·

366 4499 420 4549 sita
438 4503 494 4561 sst,·
519 4499 560 4548 sie
578 4501 709 4565 utsupra
733 4497 795 4549 dedi
820 4493 950 4548 voeabula
971 4495 1099 4548 distinxit
1115 4495 1269 4550 Buecheler.
1296 4524 1328 4534 -
1356 4497 1380 4560 1)
1397 4495 1474 4548 Inter
1490 4495 1552 4549 iove
1570 4501 1596 4548 et
1612 4501 1653 4548 set

367 4581 466 4635 ttueeta
484 4584 644 4649 interposita
661 4589 712 4648 est,
734 4597 804 4649 quae
822 4580 939 4644 sortasse
956 4580 1085 4633 dirimere
1101 4582 1211 4634 debebat
1233 4585 1306 4634 inter
1328 4581 1382 4633 dua
1407 4582 1552 4647 rambula,
1578 4586 1650 4633 eerte

366 4683 421 4719 mass
439 4668 546 4719 uidetur
568 4668 690 4721 habenda
714 4683 768 4718 esse
788 4681 839 4734 pra
858 4665 983 4718 littorei.
1010 4693 1045 4705 -
1071 4669 1097 4731 2)
1115 4683 1128 4718 a
1145 4672 1237 4735 pastea
1256 4670 1367 4720 iruerta.
1389 4695 1424 4706 —
1450 4667 1477 4734 3)
1495 4666 1600 4718 Errasu
1621 4671 1652 4718 ut

366 4753 475 4805 videtur
490 4768 542 4819 pra
560 4767 645 4816 meno,
663 4756 689 4804 et
706 4754 815 4805 videtur
831 4754 949 4818 sariptar
967 4769 1086 4805 errarem
1105 4757 1244 4819 corrigere
1260 4751 1382 4806 valuisse.
