3606 5426
496 404 584 459 Tituli
602 405 778 476 sepulcrales.
792 434 827 443 -
844 403 908 458 lura
926 404 1120 474 sepulcrorum.
1387 404 1449 464 921

250 573 339 644 8380
383 577 481 640 Veline
503 579 609 641 Fidue¹
635 579 772 640 lubentio
797 577 900 640 Celso²
922 573 1081 662 colllegae⁸
1103 596 1158 639 suo
1181 579 1314 640 salutem.

164 680 316 742 Desideri⁴
345 677 473 764 inalter⁵,
508 681 585 743 Arrii
615 681 714 763 llphii
742 681 845 743 Arriae
877 681 1017 753 Fodinae,
1051 679 1174 762 domilni
1208 700 1238 742 n.
1261 681 1332 760 imp.
1355 684 1449 742 Anto·

165 785 228 844 nini
252 785 327 865 ing.
352 783 480 856 matris⁶,
514 783 611 846 liberti
644 783 650 868 Ι
677 784 809 847 libellum
839 784 892 847 tibi
914 785 995 859 misi,
1029 785 1140 863 cogniti
1164 784 1235 845 mihi
1258 803 1293 845 ex
1323 779 1327 865 Ι
1359 783 1449 862 longo

163 897 300 968 tempore
328 886 442 966 primae
469 886 641 953 iubentutis.
679 883 684 968 Ι
718 886 813 949 Etiam
843 886 978 958 miratus,
1008 905 1075 948 cum
1103 886 1140 947 ab
1168 885 1289 948 aedibus
1317 885 1449 970 eslsem⁷,

163 1000 239 1070 quot
260 1009 296 1052 eo
319 990 372 1051 lo.⁸
392 1007 424 1051 ee
447 989 631 1063 contulisset,
657 1008 672 1049 a
696 1007 755 1070 quo
777 987 782 1068 Ι
800 986 888 1049 didici
911 1005 999 1049 causa
1021 1007 1053 1049 se
1078 987 1254 1069 nequitionis
1270 993 1331 1063 (sie)
1355 1001 1401 1052 set
1421 1000 1450 1051 et

162 1087 328 1175 relligionis
350 1109 508 1172 magnope.
531 1109 547 1151 a
570 1091 691 1153 domino
719 1111 750 1154 n.
773 1091 843 1172 imp.
870 1085 875 1172 Ι
901 1089 1102 1169 impetrasset
1148 1090 1189 1150 lta
1222 1108 1259 1150 ne
1286 1110 1343 1170 qua
1367 1111 1449 1154 mora

161 1192 306 1278 videaltur
327 1195 353 1255 ei
377 1212 431 1273 per
454 1213 509 1256 nos
532 1194 610 1268 lieri,
633 1193 765 1256 libellum
782 1187 996 1276 subscripltum
1020 1211 1075 1273 per
1090 1194 1196 1253 eudem
1210 1199 1274 1267 (sie)
1297 1193 1449 1272 publicum

162 1297 228 1358 sine
251 1314 333 1358 mora
353 1296 359 1380 Ι
379 1297 450 1358 milri
474 1297 614 1360 remittas.
660 1295 738 1374 Opto
762 1307 791 1356 te
814 1295 913 1356 salton
930 1301 991 1369 (πό)
1015 1305 1046 1355 et
1067 1289 1207 1380 iel[i]cem
1231 1315 1271 1358 es.
1293 1291 1298 1375 Ι

250 1397 373 1478 Exeplu.
397 1399 486 1461 libelli
510 1399 607 1461 dati¹⁰.
627 1395 633 1482 Ι

163 1503 237 1564 Cum
266 1513 336 1564 ante
364 1503 419 1564 hos
446 1502 509 1564 dies
538 1501 676 1581 coiugem
704 1511 735 1562 et
762 1501 855 1563 tilium
886 1497 1043 1584 amilserim
1072 1509 1245 1579 cipressus
1276 1504 1450 1565 necessitate

163 1623 293 1683 corpora
326 1623 430 1666 eorum
464 1603 470 1684 Ι
503 1602 585 1666 liotili
619 1603 773 1682 sarcofago
807 1603 1089 1672 commendaverim,
1127 1599 1268 1683 ioniique
1301 1603 1326 1665 is
1357 1605 1450 1676 locus,

163 1725 254 1785 quem
277 1724 421 1781 emeram,
445 1705 653 1767 aedificaretur
673 1700 729 1787 vila
753 1703 894 1766 Flaminia
918 1705 996 1766 inter
1017 1703 1122 1766 miliar.
1146 1704 1172 1765 ll
1195 1717 1225 1766 et
1247 1705 1286 1766 lll
1311 1708 1451 1769 euntibus

162 1807 209 1892 ³lb
235 1809 309 1870 urbe
339 1819 422 1890 parte
455 1809 532 1870 laeva
560 1809 694 1871 custodia
721 1808 908 1870 monumenti
939 1806 945 1888 Ι
974 1807 1035 1868 Fla.
1059 1807 1228 1882 Thumeles,
1258 1810 1449 1872 maesolaeo¹¹

162 1907 434 1997 ot.s[t]1i0rciti:
466 1912 470 1995 Ι
502 1929 585 1992 rogo,
615 1911 735 1984 donin,
767 1911 920 1990 permittas
943 1911 1013 1971 milri
1036 1911 1066 1971 in
1091 1911 1196 1972 eodem
1218 1908 1295 1996 lolco
1318 1913 1348 1974 in
1372 1931 1450 1975 mar·

161 2033 265 2077 morea
295 2015 458 2093 sarcofago,
488 2032 577 2094 quem
600 2013 672 2075 mihi
695 2009 794 2098 moldo
817 2013 997 2093 comparavi,
1028 2032 1062 2074 ea
1085 2031 1212 2093 corpora
1234 2015 1388 2096 colligere,
1419 2026 1451 2079 ut

162 2113 335 2203 cuanldone
356 2136 412 2197 ego
436 2135 500 2179 csse
524 2117 641 2190 desier,
669 2117 780 2197 pariter
802 2135 870 2178 cum
893 2117 936 2178 eis
959 2133 1064 2196 ponar.
1084 2113 1089 2199 Ι

254 2214 485 2306 [li]ecrctum¹’:
508 2219 572 2281 lieri
597 2219 703 2299 placet.
742 2218 898 2281 lubentius
921 2219 1025 2280 Celsus
1043 2217 1048 2301 Ι
1069 2221 1267 2300 promagister
1288 2221 1451 2304 subscripsi

162 2323 203 2384 lll
229 2341 324 2385 nonas
347 2321 471 2384 Noemb.
498 2318 503 2403 Ι
530 2321 618 2384 latio
642 2322 765 2383 Polione
788 2332 818 2384 et
841 2321 998 2402 Opimiano
1021 2321 1117 2395 kos.¹¹,
1148 2318 1320 2410 ordina[r]is
1343 2326 1450 2388 Severo

162 2437 193 2488 et
215 2425 377 2486 Sabiniano
401 2425 486 2486 cos.¹⁴

251 2543 363 2604 liamae,
387 2545 520 2593 incertum
538 2557 590 2608 quo
610 2541 667 2592 Ioco
686 2542 763 2590 uatis
780 2555 835 2604 rep.
855 2539 909 2605 (VI
924 2541 993 2592 2t20
1012 2537 1047 2600 cs.
1059 2543 1166 2595 tutet·
1186 2544 1255 2594 cidit
1272 2545 1393 2608 Henseu5
1413 2545 1449 2606 es·

164 2630 290 2680 Huelmer
303 2645 345 2681 ea.
357 2643 409 2680 sor.
423 2630 508 2693 epe'gm
522 2643 549 2682 u.
561 2627 645 2691 1047).
662 2654 696 2664 -
717 2629 740 2690 1)
760 2625 843 2675 Homo
856 2633 936 2677 natus
953 2629 1035 2678 etiam
1053 2643 1088 2677 ecc
1106 2632 1124 2677 t.
1136 2627 1336 2693 Heliopolitana
1352 2630 1451 2698 Syriae

163 2715 207 2766 ΙΙΙ
223 2713 251 2766 S.
270 2713 375 2766 tiilffl.
393 2740 428 2750 -
445 2714 471 2776 2)
493 2711 591 2764 Consul
609 2712 767 2762 ordinarius
784 2727 809 2766 a.
822 2712 876 2763 tii.
895 2741 928 2749 -
946 2713 973 2776 3)
992 2717 1034 2763 Sc.
1051 2715 1081 2762 in
1099 2713 1213 2777 collegio
1229 2713 1398 2778 pontificum.
1417 2744 1451 2754 -

162 2803 190 2862 4)
211 2799 325 2850 Videtur
342 2812 475 2863 agnomen
489 2795 622 2865 (signum)
635 2795 760 2858 Iuventii,
779 2811 903 2860 quaeum
917 2797 1019 2861 collega
1037 2796 1132 2847 tunde
1144 2797 1262 2863 appellat
1274 2803 1451 2864 (coniungen-

162 2885 227 2935 dum
239 2899 309 2933 esse:
321 2883 448 2933 desiderii
458 2882 583 2946 libellum,
593 2884 611 2934 ι’.
622 2899 643 2932 e.
655 2881 772 2933 libellum
785 2880 938 2946 mpplicem,
952 2884 1066 2932 coniecit
1073 2881 1214 2950 Momm).
1225 2911 1256 2921 -
1267 2887 1293 2948 5)
1304 2884 1345 2934 De
1353 2883 1451 2942 fratris

163 2969 345 3035 appellatione
362 2967 399 3027 oli
412 2966 595 3018 Friedle'inder
612 2965 727 3030 Sitlmsg.
741 2966 754 3018 l
768 2966 822 3028 (ed.
834 2968 862 3031 6)
875 2983 902 3032 p.
914 2970 970 3020 tii.
988 2995 1022 3005 -
1040 2970 1066 3033 6)
1085 2966 1126 3028 cf.
1144 2971 1192 3022 uit.
1206 2971 1249 3020 Pii
1259 2970 1283 3021 t.
1301 2997 1335 3006 -
1352 2973 1378 3034 i)
1397 2973 1451 3021 At-

161 3069 253 3105 essem.
275 3083 310 3090 —
337 3055 363 3116 8)
381 3053 461 3105 Loco.
484 3081 517 3089 —
544 3053 572 3117 9)
590 3052 696 3102 lusere:
713 3049 787 3104 uelle.
824 3052 965 3117 Intellege.-
985 3053 1110 3117 Mr'rutus,
1129 3069 1188 3104 oum
1205 3055 1240 3105 ab
1259 3055 1369 3106 aeditus
1385 3060 1451 3106 meis

163 3141 288 3203 atumem
306 3139 435 3204 Alpteium
452 3151 494 3188 me
507 3143 679 3202 persecutum
691 3138 729 3188 ad
741 3136 851 3188 mntem
864 3137 952 3188 locum
964 3154 992 3188 se
1003 3140 1157 3203 contulisse,
1175 3142 1208 3190 ai
1220 3156 1251 3191 eo
1264 3141 1349 3190 de'ds'ci
1364 3144 1451 3206 ipsum

164 3226 197 3275 ot
210 3240 320 3275 causam
333 3224 517 3289 requietionis,
535 3223 582 3274 sert
598 3228 624 3273 et
641 3221 784 3288 religionis
801 3237 964 3289 magnopere
982 3241 998 3273 a
1018 3224 1126 3275 domina
1145 3227 1291 3290 impetrare
1308 3226 1375 3291 puisi
1386 3225 1451 3277 uelle

163 3308 345 3375 (Mommsen).
362 3336 397 3346 -
417 3311 458 3373 10)
475 3309 517 3358 Ab
530 3308 614 3359 Arria
628 3308 735 3372 Alphio.
753 3335 787 3344 -
808 3310 848 3371 11)
870 3306 934 3360 Tam
952 3310 1099 3361 maesolaeo
1117 3324 1197 3373 quam
1217 3324 1230 3359 a
1249 3311 1379 3362 mesolaeo
1399 3313 1452 3375 tegi

161 3397 259 3460 potest.
272 3422 306 3433 -
328 3394 369 3458 lt)
387 3392 511 3445 secretum
531 3393 608 3458 lapis.
620 3421 654 3431 -
675 3397 716 3458 13)
735 3393 862 3445 Consules
878 3393 986 3453 suffecti
1001 3399 1142 3458 praetereo
1161 3396 1257 3458 ignoti.
1270 3422 1304 3433 -
1324 3396 1365 3458 14)
1384 3395 1451 3444 Can·

163 3479 233 3529 eules
251 3478 389 3545 prdiuarii
405 3495 431 3530 a.
446 3495 475 3544 p.
495 3479 556 3530 Cirr.
573 3479 632 3531 rso.
667 3475 739 3528 tlara
757 3481 796 3528 ita
815 3491 904 3528 annus
921 3479 1069 3543 indicatur,
1090 3495 1140 3546 per
1158 3479 1278 3530 eonsules
1297 3479 1450 3530 ordinarios

165 3567 191 3612 et
207 3563 334 3627 suffectos
351 3561 507 3633 (Mommsen
528 3563 642 3615 Staotsr.
662 3563 690 3612 11
705 3563 745 3614 ed.
757 3562 776 3615 5
788 3577 817 3628 p.
828 3565 863 3615 92
881 3567 969 3616 noti
988 3569 1013 3613 et
1027 3582 1054 3629 p.
1069 3562 1134 3615 Vm
1151 3569 1206 3616 not.
1219 3565 1256 3628 t).

250 3800 335 3872 8381
380 3799 431 3890 [tl]
454 3823 494 3865 m.
519 3799 553 3889 [e.
572 3801 577 3888 Ι
600 3799 816 3890 CJollcgil[u]m
839 3797 1056 3890 p0n[tilt]icum
1080 3799 1275 3890 d[e]lcrevit¹:
1299 3805 1324 3866 si
1341 3798 1387 3887 ela
1411 3805 1449 3866 ita

163 3918 234 3970 sunt
259 3902 264 3988 Ι
292 3924 351 3987 que
374 3905 463 3968 libolo
489 3905 495 3985 Ι
523 3903 771 3992 [c]ontenelntur,
801 3905 929 3992 plalcere
957 3903 1030 3991 pert.
1049 3953 1081 3970 ..
1105 3907 1156 3969 re¹
1184 3905 1269 3986 puela
1297 3905 1301 3991 Ι
1327 3902 1381 3992 [cle]
1409 3908 1451 3987 q?

163 4006 298 4095 agatussr
325 4005 432 4096 s]acelo
467 4023 509 4092 (m
525 4025 584 4090 pua
602 4024 702 4093 altera)
729 4006 868 4093 [euincere
896 4021 922 4071 et
951 4005 1098 4096 i]terl[um
1125 4005 1173 4096 em]
1203 4004 1415 4094 pral[eecr]ipto
1442 4006 1448 4093 Ι

165 4107 350 4198 [ri]eponerle
372 4122 402 4174 et
423 4109 612 4196 scriptluram
636 4109 725 4198 titulli
747 4122 776 4173 at
791 4110 955 4195 pristlinam
973 4113 1107 4198 lorlmam
1123 4110 1297 4197 resilituere,
1321 4109 1449 4193 pialculo
1507 4115 1510 4126 '

164 4216 249 4294 prins
268 4216 272 4292 Ι
293 4214 361 4275 dato
385 4215 495 4296 operils
518 4211 654 4294 iaciendli
677 4233 730 4276 ove
753 4216 838 4276 atra.⁴

251 4333 338 4396 Prope
353 4331 539 4394 Panaciam,
558 4332 615 4382 laco
628 4335 750 4399 antiquo,
767 4335 796 4384 ior
813 4333 878 4400 pilis
895 4333 1006 4398 duabus,
1023 4333 1061 4383 art
1076 4335 1226 4398 ingressum
1244 4336 1275 4380 ut
1287 4331 1394 4381 uidetur
1410 4346 1449 4380 se·

161 4418 255 4483 pulcri
273 4415 313 4478 (X
326 4418 396 4469 etit
413 4417 491 4480 eidi).
508 4445 543 4456 -·
566 4419 591 4481 1)
610 4416 651 4478 Cs.
670 4417 738 4470 Pliu.
757 4435 796 4484 ep.
815 4418 854 4469 ad
874 4416 947 4474 Trai.
964 4417 1004 4470 tt.
1021 4446 1056 4457 -
1080 4420 1105 4478 2)
1124 4417 1202 4466 Dicae
1220 4419 1325 4466 tantum
1343 4415 1449 4466 litterae

159 4505 322 4567 perier-tenu
349 4501 482 4553 nonnulla
504 4518 520 4551 a
542 4503 720 4568 quadratario
746 4506 841 4554 omissa
866 4520 920 4554 esse
940 4507 1019 4570 putat
1037 4503 1156 4553 Momms.
1179 4529 1212 4538 -
1236 4503 1263 4565 3)
1282 4502 1398 4552 Puellam
1417 4501 1450 4552 de

164 4604 228 4653 pua.
240 4616 274 4627 -
292 4589 319 4651 4)
338 4586 379 4648 Cs.
400 4589 499 4638 Paulus
516 4591 582 4642 seat.
595 4588 673 4652 idi,
684 4590 717 4639 i:
736 4593 782 4656 qui
800 4605 898 4656 corpus
913 4593 1061 4655 perpetuae
1078 4587 1231 4652 sepulturae
1256 4587 1385 4637 traditum
1407 4586 1450 4636 uel

164 4672 203 4724 ud
220 4676 324 4739 ternpus
341 4671 427 4723 alicui
445 4672 502 4723 loco
521 4672 734 4724 commendatum
752 4675 896 4726 nutaverit
913 4679 939 4724 et
956 4676 1020 4724 solis
1037 4673 1123 4723 radiis
1142 4671 1293 4735 ostenderit,
1310 4671 1448 4738 piaculum

164 4760 317 4810 committit.
353 4757 443 4823 Supra
461 4755 495 4811 Ν.
513 4757 585 4810 trus.
