3644 5424
289 415 308 474 t
312 413 353 473 44
852 411 942 480 Caput
958 407 1019 465 XV.

290 590 353 651 eius
381 595 546 666 ergaapo)
573 606 629 648 nos
655 585 750 667 pietas
778 595 809 646 et
836 593 937 646 nostra
968 601 1037 662 erga
1066 601 1130 643 eam
1160 579 1308 668 volluntas
1337 581 1456 664 publica
1487 583 1574 646 etiam

288 691 458 754 risionem¹¹
482 688 700 769 conspiciatur3
723 686 852 749 tabulam
869 681 1002 766 quoique
1018 685 1229 766 patrocinalem
1246 686 1276 746 in
1293 685 1381 746 domo
1398 685 1461 747 eius
1474 685 1574 766 adfigi.

380 789 513 841 Volsiniis
534 806 590 856 rep.
609 806 633 840 a.
655 789 722 840 1882
745 791 775 838 in
792 787 936 838 ruderibus
959 788 1067 838 aedium
1090 789 1189 838 aetatis
1206 784 1354 848 Romanae,
1378 786 1469 838 tabula
1492 803 1576 838 amsa

290 875 343 938 (nt
357 876 425 929 2702
443 876 513 926 uidit
530 875 691 934 Bormaaa).
708 901 743 911 —
762 875 787 938 1)
804 873 838 925 A.
847 887 876 938 p.
892 873 953 925 Cir.
965 874 1018 924 224
1036 871 1103 938 (cos.
1123 871 1280 923 vamtatem
1299 870 1458 922 collocatum
1476 873 1506 922 in
1522 871 1577 932 fimo

289 979 381 1014 uersas
397 960 504 1028 primi).
526 989 561 998 —
587 961 614 1026 2)
633 958 857 1025 Quiapnmnalss.
879 985 914 996 -
936 961 961 1022 3)
980 946 1239 1020 (Potula-ltili
1261 971 1314 1007 aas.
1340 983 1376 994 ·-
1401 957 1428 1020 1)
1451 957 1577 1022 Psimipi·

290 1049 365 1110 laris,
383 1050 427 1098 oir
444 1047 577 1111 egregias.
599 1073 634 1082 -
661 1047 687 1110 5)
706 1044 765 1099 Sor.
783 1044 930 1111 collegium.
953 1071 987 1082 -
1015 1046 1040 1109 6)
1058 1041 1197 1096 Nostram.
1218 1069 1253 1080 -
1278 1043 1306 1106 ’1)
1323 1041 1415 1092 Bonae
1431 1043 1577 1093 memoriae

289 1135 404 1186 11111.-
422 1133 448 1198 8)
466 1130 538 1196 aare
555 1131 587 1181 de
605 1147 637 1181 aa
654 1146 686 1181 ra
700 1130 764 1193 flori
776 1130 910 1198 placeret,
928 1132 1051 1181 uniuersi
1067 1132 1107 1181 ita
1125 1131 1293 1180 consuerunt.
1311 1155 1346 1164 -
1364 1128 1389 1191 9)
1407 1124 1529 1180 Nostros.
1542 1155 1573 1164 -

291 1218 333 1282 to)
351 1215 409 1268 Scr.
428 1216 589 1282 praeditam?
606 1245 641 1254 —
659 1217 702 1280 11)
722 1214 841 1268 Visioas.

375 1353 462 1424 7218
490 1376 624 1438 (protono
636 1371 909 1436 Mineroaogaleota,·
927 1369 1050 1436 Medusa)
1070 1353 1102 1416 L.
1115 1353 1231 1416 Valerio
1243 1353 1370 1415 Maximo
1386 1360 1415 1414 el
1432 1351 1468 1413 Μ.
1482 1351 1575 1414 Acilio

291 1455 461 1544 Glabriolne
480 1461 563 1532 cosi,
587 1479 660 1520 non.
676 1459 749 1532 lam,
769 1457 775 1539 Ι
794 1458 912 1520 colonia
929 1457 1001 1519 lulia
1018 1457 1132 1519 Felicae
1147 1457 1281 1530 Pisitana,
1305 1455 1333 1517 in
1358 1454 1458 1517 schola
1481 1456 1554 1517 deae
1570 1459 1576 1538 Ι

291 1562 423 1624 Minerve
439 1563 514 1642 Aug.
538 1563 595 1623 ool.
619 1561 706 1623 labr.¹
729 1561 859 1641 collegae
882 1558 1023 1644 univerlsi
1044 1568 1263 1623 convenerunt.
1298 1558 1333 1630 Q.
1351 1577 1379 1618 u.
1397 1576 1422 1618 c.
1438 1557 1477 1623 ι’
1501 1557 1577 1620 lacta

290 1673 376 1726 sunt:
397 1661 402 1748 Ι
421 1665 510 1745 plena
528 1662 669 1743 obsequia
692 1664 801 1726 amoris
825 1664 940 1725 numeri
965 1663 1059 1725 nostri
1082 1663 1113 1724 in
1129 1662 1290 1724 claritatem
1306 1660 1412 1722 domus
1430 1662 1436 1738 Ι
1458 1659 1577 1721 Petroni

290 1765 436 1828 Victorini
459 1784 484 1830 o.
509 1767 541 1828 i.⁴
569 1767 687 1847 patroni
712 1767 806 1828 nostri
835 1766 1032 1828 demonstrari
1061 1764 1224 1845 gloriosum
1247 1771 1304 1838 est,
1334 1762 1445 1843 quippe
1474 1780 1542 1824 cum
1569 1757 1575 1846 Ι

291 1869 423 1948 dignatio
454 1864 538 1956 [e]ius
561 1869 591 1930 in
615 1867 756 1931 omnibus
784 1888 879 1949 prona
902 1879 1056 1949 provocet,
1087 1878 1120 1930 ot
1141 1877 1171 1930 et
1192 1867 1325 1929 Setinam
1348 1865 1457 1926 iustam
1486 1883 1512 1926 o.
1535 1864 1576 1938 ii,

291 1968 459 2055 ooniulgem
487 1973 561 2045 eius,
591 1971 831 2052 incomparabilis
854 1972 1023 2052 pudicitiae,
1053 1970 1182 2050 plurimo
1206 1987 1332 2030 numero
1361 1967 1489 2029 tiliorum
1512 1967 1578 2047 glo-

291 2075 427 2148 riantem,
450 2075 487 2136 de
507 2069 512 2154 Ι
532 2091 660 2155 quorum
682 2092 793 2153 genere
815 2092 882 2135 cum
897 2081 993 2135 aetate
1016 2091 1119 2134 eorum
1142 2071 1250 2134 crescit
1265 2070 1397 2142 felicitas,
1420 2079 1577 2150 patronem

291 2174 379 2237 nobis
399 2173 404 2260 Ι
424 2177 568 2256 cooptari,
592 2175 765 2238 Petronium
788 2195 909 2255 quoque
931 2175 1079 2237 Aufidium
1097 2173 1280 2235 Victorinum
1304 2172 1380 2234 iun.⁸
1402 2173 1466 2253 pari
1488 2172 1577 2234 modo

292 2275 389 2362 siculti
419 2288 449 2341 et
479 2279 608 2341 maiores
636 2279 743 2340 iratres
771 2279 836 2341 eius
865 2297 909 2340 cc.
933 2277 996 2357 pp.⁷
1023 2275 1112 2338 abere
1136 2295 1192 2338 nos
1220 2275 1251 2337 in
1275 2293 1400 2337 numero
1424 2275 1576 2350 laetamur,

291 2399 360 2444 eum
384 2400 503 2461 quoque
534 2377 538 2462 Ι
568 2389 739 2460 cooptatum
762 2388 922 2460 patronum
950 2398 1049 2459 prono
1073 2396 1222 2440 consensu
1248 2377 1376 2440 adscribi
1398 2377 1520 2456 gloriae,
1549 2388 1580 2439 et

292 2503 327 2547 ex
351 2485 407 2545 hoc
429 2483 568 2563 gaudium
592 2482 658 2543 nn.⁸
676 2478 683 2567 Ι
702 2483 890 2563 amplificari3
925 2481 1059 2561 placere:
1089 2499 1144 2560 pro
1165 2481 1285 2560 generis
1307 2480 1439 2542 claritate
1461 2498 1578 2560 proque

292 2587 441 2650 senatoria
456 2583 624 2666 dignitatis⁰
643 2583 648 2670 Ι
668 2580 812 2673 [Pedoni
827 2583 971 2646 Victorini
995 2601 1021 2644 c.
1037 2582 1078 2657 i.⁴,
1101 2582 1186 2646 citius
1208 2581 1424 2663 inconparabili
1447 2583 1580 2645 emore¹⁰

292 2697 323 2752 et
337 2689 367 2750 in
385 2707 542 2750 numerum
566 2698 702 2750 nostrum
724 2683 936 2770 diglnatione¹¹
959 2685 1028 2747 licet
1043 2685 1179 2766 impares,
1202 2693 1300 2746 tamen
1317 2684 1461 2765 obsequio
1481 2685 1579 2765 digni·

292 2792 345 2853 tati
367 2791 432 2853 eius
455 2791 485 2852 in
509 2790 650 2853 omnibus
672 2799 812 2871 parentes
838 2784 844 2872 Ι
871 2806 927 2849 nec
950 2787 1054 2867 aliquit
1074 2786 1329 2867 pretermittentes
1356 2805 1455 2866 prono
1479 2787 1578 2850 animo

292 2904 323 2954 et
343 2902 413 2955 voto
436 2910 641 2973 properamus,
664 2911 732 2953 cum
755 2900 787 2953 et
808 2891 940 2952 Setinam
961 2887 966 2973 Ι
986 2889 1095 2951 iustam
1119 2907 1145 2950 c.
1168 2889 1188 2949 l.
1212 2889 1370 2969 coniugem
1393 2889 1457 2952 eius
1478 2898 1580 2969 patro-

293 3013 362 3057 nam
386 3004 432 3057 set
454 3003 483 3056 et
507 2989 729 3080 Pe[t]rou[i]um
753 2993 901 3055 Aufidium
918 2991 1101 3053 Victorinum
1122 2988 1127 3075 Ι
1147 2991 1208 3053 iun.
1234 2989 1325 3050 fllium
1349 3009 1463 3066 eorum,
1492 2991 1580 3055 sicuti

294 3105 324 3158 et
346 3097 451 3158 iratres
473 3097 547 3172 eius,
576 3106 738 3178 patronum
762 3094 826 3157 nn.⁸
855 3104 1011 3176 cooptasse
1034 3112 1090 3155 nos
1115 3112 1170 3173 per
1192 3089 1354 3177 decreltum
1383 3095 1579 3169 insinuamus,

294 3198 374 3280 quod
399 3199 501 3260 ollerri
523 3199 566 3262 eis
584 3217 639 3279 per
653 3199 730 3278 qq.¹²
750 3198 816 3260 nu.⁸
838 3208 884 3260 set
906 3206 935 3258 et
956 3196 1101 3276 plurimos
1124 3196 1251 3276 collegas
1272 3195 1419 3276 placuisse
1439 3195 1445 3276 Ι
1463 3198 1581 3277 hocque

292 3301 496 3364 testimonium
519 3302 611 3364 incidi
633 3302 663 3363 in
681 3299 810 3363 tabulam
834 3317 955 3360 aeneam
980 3309 1119 3377 atquem
1141 3298 1271 3378 primurn
1294 3298 1337 3360 eis
1352 3298 1453 3360 oilerri
1475 3309 1509 3360 ut
1523 3300 1552 3360 in
1575 3294 1580 3383 Ι

293 3403 418 3484 plenum
448 3405 656 3484 intellegentes
685 3421 816 3466 amorem
847 3401 963 3462 numeri
993 3403 1087 3463 nostri
1114 3409 1257 3482 perpetua
1291 3400 1383 3479 gloria
1411 3419 1519 3463 ornare
1552 3411 1582 3464 et

294 3501 404 3590 solvere
427 3526 482 3568 nos
504 3507 644 3586 dignetur
652 3507 682 3570 ¹¹.
703 3506 708 3589 Ι
728 3506 870 3568 Censuer.

382 3607 489 3658 Pisauri
505 3623 562 3682 rap.
580 3610 652 3658 inter
669 3607 771 3658 rudera
789 3605 909 3668 aedificii
926 3603 1050 3668 Romami,
1070 3603 1162 3654 monio
1181 3618 1265 3654 aenea
1282 3601 1427 3668 fastigiata
1445 3603 1496 3671 (111
1511 3605 1581 3657 aaut

295 3690 366 3741 cidit
384 3691 544 3758 Burmann).
571 3721 605 3731 -
632 3693 658 3758 1)
674 3694 709 3746 A.
725 3693 785 3744 mo.
812 3719 847 3728 -
873 3687 1167 3756 monogamorum
1192 3715 1228 3726 —
1253 3691 1280 3755 3)
1299 3689 1377 3754 Quod
1392 3693 1582 3741 uniuersorum

296 3792 425 3828 censeam
443 3781 531 3830 ocrim
541 3805 576 3816 ·—
593 3780 620 3843 l)
640 3777 790 3832 Clarissimi
800 3777 914 3828 incenis.
926 3801 961 3812 -
979 3777 1005 3840 5)
1024 3773 1207 3826 Clarissimum
1218 3771 1356 3836 seminam.
1368 3803 1403 3812 -
1420 3777 1446 3839 6)
1462 3772 1580 3826 Nomina

297 3861 439 3913 ostendunt
456 3863 528 3914 hamc
545 3879 600 3913 esse
613 3862 758 3914 oriundum
776 3864 809 3913 ab
822 3859 933 3922 Aufidio
947 3859 1087 3912 Victorino
1100 3858 1206 3910 commate
1217 3860 1317 3909 iterum
1331 3876 1357 3914 a.
1369 3862 1420 3914 1811
1436 3857 1484 3924 (as.
1496 3876 1580 3926 snpra

295 3946 330 4000 Ν.
342 3947 408 4000 diti
421 3952 476 4000 aot.
487 3947 528 4018 d),
547 3963 624 4014 quom
636 3947 823 3998 maurensem
835 3944 922 4006 saissa
933 3945 1027 3996 titulus
1039 3943 1073 3998 Ν.
1085 3945 1151 3998 1129
1166 3943 1338 4008 domonstrat,
1357 3950 1383 3996 ot
1393 3944 1504 4007 Aufidio
1518 3943 1581 3998 Vic-

297 4035 388 4084 torino
406 4034 515 4084 coasala
532 4035 628 4086 nam
646 4061 681 4071 -
707 4034 735 4098 ’1)
757 4033 924 4087 clarissimos
938 4045 1047 4096 pueros.
1065 4057 1099 4067 -
1127 4031 1152 4092 8)
1170 4028 1286 4082 IVamori
1301 4033 1398 4081 nostri.
1414 4059 1450 4068 -
1475 4032 1502 4096 9)
1520 4029 1580 4083 Sor.

296 4115 430 4185 dignitate.
442 4147 474 4157 —
493 4121 535 4185 10)
548 4119 656 4182 Amori,
676 4119 719 4183 11)
733 4117 896 4183 dignationi.
909 4143 944 4153 —
964 4117 1005 4178 12)
1021 4113 1245 4181 Quinqacnaalcs.
1256 4143 1288 4152 —
1308 4117 1350 4178 13)
1362 4113 1421 4168 Sor.
1434 4115 1580 4180 dignentur.

381 4275 466 4348 7219
509 4278 602 4358 impp.
619 4277 734 4339 Licinio
749 4276 905 4338 Valeriano
925 4273 930 4359 Ι
957 4275 1032 4353 Aug.
1048 4258 1118 4348 Π,
1140 4273 1256 4336 Licinio
1273 4273 1407 4337 Gallieno
1422 4277 1496 4354 Aug.
1513 4257 1556 4335 ΠῙ
1574 4269 1579 4355 Ι

298 4383 381 4455 cos.¹,
415 4381 514 4443 idibus
542 4381 651 4442 llartis.
684 4377 688 4463 Ι
722 4379 809 4451 Quod
836 4386 975 4454 coeptum
1004 4376 1103 4438 studi²
1131 4376 1270 4438 iuvenum
1301 4379 1306 4454 Ι
1336 4375 1502 4438 cultorum⁸
1534 4375 1582 4438 dei

298 4485 434 4547 llerculis
462 4486 590 4546 maiores
619 4480 624 4568 Ι
654 4481 823 4544 retulerunt
852 4491 1009 4562 patronum
1038 4478 1272 4559 cooptandum⁴:
1303 4476 1309 4561 Ι
1339 4478 1406 4558 plus
1428 4496 1583 4558 speramus

298 4587 443 4648 beneficia
459 4586 598 4648 uberiora
617 4582 622 4667 Ι
642 4584 713 4664 pos·
735 4582 785 4644 se⁸
806 4583 1036 4663 consequituros
1055 4582 1139 4643 cuius
1159 4581 1189 4642 in
1206 4577 1375 4662 praetelrito
1390 4595 1505 4640 summa
1518 4583 1582 4654 (stc)

298 4689 500 4770 dignationem
529 4687 690 4756 sensimus.
720 4697 749 4746 et
776 4681 851 4768 idolo
881 4697 1054 4764 coaptemus
1077 4683 1218 4745 Rutilium
1242 4681 1389 4744 Viatorem
1410 4677 1583 4766 paltronum

299 4809 367 4856 cum
390 4792 426 4854 its
448 4791 499 4872 qui
522 4791 600 4852 inira
619 4809 643 4852 s.
658 4789 695 4851 s.'
717 4787 846 4850 Nonium
863 4784 1070 4871 Graltilianum
1085 4805 1111 4848 c.
1128 4786 1166 4848 v.⁸
1188 4796 1218 4848 et
1238 4785 1399 4865 Egnatium
1415 4784 1581 4847 Sattianum
