3608 5416
876 384 965 455 ceput
981 383 1081 438 xvm.

861 557 1072 653 Horologia.

414 691 502 762 8642
546 689 724 778 [hliumalis'

598 789 777 880 [l]anuarius

597 897 776 958 Februarius

598 998 721 1060 llartius

597 1100 707 1179 Aprilis
731 1135 768 1146 -
793 1101 1033 1180 aequinoctialis¹

515 1257 522 1274 ,
599 1197 731 1288 [melus]

599 1300 751 1392 [lu]n[t']us
778 1317 931 1389 (caniculae
948 1319 1053 1386 ligura)

549 1403 754 1492 [colst]itialis¹.

419 1522 592 1588 Carthagine,
612 1525 704 1576 tahuta
722 1539 874 1576 marmorea
893 1521 1027 1593 (comples
1038 1523 1139 1574 rendus
1156 1523 1188 1574 de
1206 1523 1314 1575 t'Acad.
1333 1524 1378 1574 der
1390 1525 1473 1576 44444.
1484 1523 1550 1576 4899
1561 1525 1617 1575 tat.

332 1609 369 1661 ad
384 1623 411 1675 p.
422 1610 460 1661 48
476 1631 510 1653 -
528 1606 618 1661 4444444
636 1608 773 1662 84144444
791 1609 887 1662 44444.
904 1609 948 1674 44,
964 1607 1003 1677 4).
1030 1636 1065 1646 -
1093 1609 1117 1673 1)
1141 1608 1183 1660 84.
1202 1608 1283 1661 tinea.
1320 1607 1457 1662 Vosahula
1480 1609 1547 1659 haec
1568 1607 1618 1659 ad·

332 1699 433 1761 scripta
453 1694 490 1745 ad
506 1693 592 1744 lineas
609 1708 678 1758 quus
694 1696 771 1759 sepui
788 1694 897 1746 delebat
912 1695 1008 1745 umhra
1023 1696 1169 1756 gnomonis
1186 1692 1268 1761 (stili)
1285 1691 1341 1744 iltis
1359 1695 1522 1760 temporibus
1540 1697 1618 1746 anni.

333 1778 466 1831 Similiter
488 1781 517 1829 in
540 1779 690 1844 horologiis
714 1776 806 1830 Kaihel
824 1781 881 1831 roe.
904 1777 977 1832 4447.
999 1777 1076 1830 liat·
1099 1793 1127 1844 p.
1144 1781 1205 1844 499,
1242 1776 1319 1831 Grut.
1342 1778 1401 1840 444,
1419 1781 1439 1831 4
1456 1800 1490 1822 =
1507 1777 1619 1830 It’otizic

331 1863 406 1930 degli
422 1867 497 1914 scaci
514 1864 582 1916 4884
597 1878 625 1930 p.
637 1855 671 1914 48
693 1861 755 1931 (pro
778 1866 908 1914 mensium
931 1862 1069 1914 cocuhutis
1090 1878 1145 1914 non
1162 1879 1228 1914 raro
1247 1867 1340 1929 posita
1357 1869 1420 1914 sunt
1440 1863 1485 1914 oet
1505 1879 1566 1914 cum
1582 1866 1619 1914 iis

333 1951 478 2000 coniuncta
488 1953 599 2000 nomina
611 1953 752 2014 signorum
762 1949 912 2000 caelestium
918 1962 929 2015 ;
944 1948 1002 2000 sola
1014 1949 1145 1999 monrium
1153 1948 1282 2000 uocahuta
1292 1946 1447 2010 4847444.
1465 1945 1618 2012 477444).

333 2034 444 2084 Praetu
461 2033 510 2085 444
528 2034 614 2084 lineos
630 2038 778 2084 4444444444
798 2031 847 2094 (es.
867 2034 972 2087 Vitruu.
989 2035 1014 2096 9,
1031 2033 1056 2098 7,
1072 2033 1104 2085 7.·
1121 2028 1259 2084 ‘hibernae
1277 2034 1361 2084 lineas
1378 2070 1405 2084 ..
1422 2035 1478 2082 4444
1495 2069 1520 2084 ..
1536 2035 1618 2084 aesti-

333 2135 380 2170 444
392 2157 399 2172 .
413 2155 420 2170 .
433 2155 440 2170 .
452 2121 508 2169 siue
527 2118 746 2184 aequinoctiales,
764 2122 813 2169 aut
829 2121 911 2168 etiam
924 2157 931 2171 .
945 2158 952 2171 .
965 2155 971 2170 .
985 2109 1164 2186 menstruas')
1182 2119 1282 2170 adeunt
1299 2120 1329 2167 in
1347 2118 1397 2169 hoc
1415 2117 1567 2182 horologio,
1588 2123 1620 2168 ut

332 2207 362 2254 in
380 2203 494 2270 reliquis
509 2204 652 2268 similibus,
670 2203 758 2256 tineae
776 2205 904 2255 horariae
923 2203 1093 2271 (plerumque
1109 2203 1241 2266 44444444,
1259 2205 1288 2253 44
1301 2204 1351 2254 444
1368 2206 1485 2270 quinque
1503 2207 1618 2264 tantum,

334 2286 370 2350 cs.
383 2287 473 2353 infre)
492 2290 588 2354 quihus
601 2288 688 2339 tineae
705 2289 769 2339 ittae
781 2291 933 2340 menstruae
951 2291 981 2339 in
997 2293 1088 2354 partes
1106 2288 1245 2340 duodecim
1263 2287 1305 2355 (in
1317 2291 1367 2340 444
1379 2292 1472 2340 nostro
1485 2291 1515 2338 in
1525 2294 1619 2356 partes

332 2373 391 2442 444)
404 2378 547 2440 4444444444)
565 2375 607 2425 his
621 2373 701 2425 tineis
712 2374 830 2426 adscribi
847 2373 977 2424 dehebant
994 2375 1102 2424 numeri
1116 2375 1256 2439 horarum,
1272 2374 1320 2425 red
1336 2375 1362 2424 ei
1378 2377 1487 2424 numeri
1500 2375 1619 2440 plerum-

333 2475 385 2527 que
404 2462 494 2510 omissi
504 2464 577 2524 sunt,
593 2459 697 2512 scilicet
709 2458 792 2521 facite
804 2461 971 2524 cogitatione
982 2459 1101 2527 suppleri
1111 2463 1246 2525 poterant,
1264 2459 1363 2510 adsunt
1374 2463 1463 2509 tamen
1476 2457 1577 2510 Graece
1589 2463 1619 2510 ire

334 2545 475 2610 horologio
487 2543 581 2596 444444
592 2545 610 2597 4.
620 2561 642 2600 4.
653 2545 710 2612 744,
724 2541 761 2606 cf.
772 2545 846 2596 anth.
856 2545 1012 2609 Petraia.
1036 2543 1167 2610 Pleraque
1176 2549 1265 2595 autem
1274 2545 1416 2609 horologia
1426 2543 1619 2609 444444444οηί-

334 2617 475 2680 testulus
484 2632 594 2694 generis
610 2630 692 2697 plane
710 2629 838 2680 destituta
850 2635 913 2680 sunt
924 2627 970 2697 (lv.
979 2630 1046 2682 8444
1054 2647 1064 2692 ,·
1080 2632 1143 2678 item
1155 2645 1238 2696 supra
1251 2627 1285 2682 Ν.
1293 2629 1381 2696 4449).
1421 2627 1461 2690 Cf.
1474 2630 1619 2682 Ardaillon

330 2709 531 2781 ‘horologium’
549 2713 728 2783 (Daremherg
741 2719 767 2765 ct
779 2715 874 2781 Saglio
892 2716 1074 2767 dictionnuire
1092 2714 1138 2766 des
1155 2712 1301 2782 antiquitis
1318 2714 1385 2766 4444
1402 2730 1430 2781 p.
1441 2715 1619 2782 444444).-

334 2801 512 2866 Horologium
526 2801 576 2852 444
592 2801 824 2866 Carthaginiense,
841 2803 896 2851 4444
912 2802 1004 2868 potius
1021 2799 1157 2866 horologii
1172 2816 1239 2866 pars
1256 2799 1377 2864 dimidia,
1396 2796 1432 2860 cs.
1451 2816 1520 2866 puae
1537 2817 1620 2867 cerpo-

332 2889 389 2938 suit
414 2884 540 2953 Tannerp
563 2890 678 2950 comples
694 2885 795 2936 4444444
812 2884 829 2937 l.
848 2901 868 2936 4.
887 2900 915 2951 p.
932 2887 1042 2953 49444,
1069 2883 1297 2936 antemeridianas
1314 2885 1395 2936 44444
1417 2889 1522 2937 44444444
1547 2902 1620 2938 mon·

331 2973 446 3036 strahat,
464 2987 592 3022 44444444
610 2971 713 3021 scilicet
724 2972 855 3022 orientem
871 2973 944 3022 inter
961 2975 987 3022 et
1004 2970 1142 3021 meridiem
1154 2984 1262 3032 ecrcus,·
1279 2970 1366 3021 attera
1377 2985 1452 3037 pare,
1469 2987 1538 3037 puae
1547 2976 1620 3038 post·

334 3057 501 3108 meridianae
519 3056 600 3107 horas
617 3058 793 3120 monstraret,
815 3070 944 3107 44444444
962 3055 1047 3116 fuisse
1062 3055 1186 3122 putanda
1203 3058 1244 3106 444
1259 3055 1398 3106 meridiem
1418 3057 1492 3106 inter
1509 3059 1536 3106 44
1552 3061 1621 3108 occi·

335 3142 440 3193 dentem
458 3156 559 3206 44444444,
582 3155 665 3206 eaque
680 3141 739 3191 sine
756 3140 838 3192 dubio
855 3141 1022 3206 reliquorum
1040 3143 1170 3192 mensium
1187 3142 1298 3191 uomina
1317 3141 1438 3194 hahebat.
1472 3140 1621 3194 tinearum

335 3227 432 3279 ductus
451 3225 622 3294 (praesertim
639 3224 852 3293 menstruarum)
875 3226 990 3277 muttum
1007 3228 1097 3278 444444
1119 3228 1149 3276 44
1166 3227 1216 3278 444
1233 3227 1375 3290 horologio
1393 3242 1409 3277 4
1427 3229 1620 3278 mathematica

334 3315 450 3364 ueritate
467 3313 596 3378 exposuit
615 3308 742 3378 Tannerp
761 3315 855 3375 corrept.
874 3311 949 3362 read.
968 3311 985 3364 t.
999 3326 1020 3364 c.

420 3431 507 3503 8643
542 3449 728 3516 (horologium
745 3450 824 3500 solito
841 3464 916 3500 more
934 3448 1113 3515 descriptum:
1131 3449 1218 3499 tineae
1229 3449 1357 3500 horariae
1373 3449 1510 3518 undecim,
1529 3455 1620 3518 ceperi-

334 3556 420 3604 noctii
443 3558 468 3602 et
492 3554 671 3604 solstitiorum
695 3556 763 3618 tres,
791 3553 865 3604 locus
886 3567 992 3618 quoque
1016 3551 1076 3603 stili
1097 3555 1271 3616 agnoecitnre
1296 3551 1386 3619 44444)
1414 3537 1452 3599 ll.
1474 3539 1621 3600 Antistius

335 3641 476 3720 Euporus
499 3639 578 3702 lecit.
609 3654 764 3722 (orreapee
777 3655 877 3719 utem)
896 3640 1014 3715 Auster,
1037 3639 1164 3714 Africus,
1187 3639 1328 3711 Faenius,
1350 3641 1468 3720 Aquila,
1491 3641 1620 3722 Septen·

336 3741 404 3815 trio,
428 3741 547 3816 Boreas,
572 3741 738 3817 nesciinus,
761 3741 885 3804 Eurus¹.

425 3838 526 3892 Tabula
538 3857 699 3906 marmorea,
717 3859 774 3909 rep.
785 3845 955 3909 superposita
968 3841 1115 3893 columellis
1126 3840 1231 3893 duatus
1249 3841 1405 3910 (horologia
1418 3841 1621 3894 collocabantur

344 3941 363 3978 4
382 3924 538 3988 columellis,
557 3924 594 3988 cf.
613 3942 697 3993 snpra
714 3925 753 3980 N.
764 3928 841 3995 7874)
856 3944 943 3995 prope
958 3927 1112 3995 Aquileiam
1130 3926 1248 3990 (Kenner
1265 3927 1353 3981 444444
1371 3927 1396 3982 d.
1415 3927 1441 3979 ts.
1453 3927 1479 3980 4.
1499 3927 1619 3980 0444444-

337 4011 511 4064 Commission
530 4011 595 4064 4884
611 4027 638 4078 p.
649 4012 682 4078 7,·
699 4013 762 4064 Pais
779 4028 806 4066 4.
818 4013 883 4078 nt,-
901 4012 937 4075 44.
956 4012 1049 4064 dailei
1064 4013 1155 4066 444444.
1166 4014 1210 4078 ro,
1227 4013 1293 4065 4884
1309 4029 1338 4079 p.
1348 4011 1421 4078 cte).
1438 4039 1474 4050 -
1499 4015 1524 4078 1)
1543 4011 1620 4064 04444

335 4101 476 4150 uentorum
494 4099 576 4148 etiam
594 4097 662 4147 44444
678 4101 838 4150 coniunctus
855 4114 915 4150 cum
933 4098 1083 4164 horologiis
1095 4096 1190 4164 (Varr.
1204 4114 1227 4151 r.
1236 4115 1259 4151 r.
1270 4101 1298 4160 4,
1309 4100 1335 4164 4,
1346 4097 1398 4166 47),
1417 4103 1448 4148 nt
1458 4098 1538 4149 hodie
1556 4113 1619 4163 puo-

336 4200 388 4251 pue
405 4187 555 4235 cernuntur
566 4182 715 4235 Ventorum
732 4185 866 4249 imagines
882 4188 909 4234 et
925 4185 1035 4235 nomina
1053 4187 1083 4235 in
1095 4185 1236 4250 horologio
1249 4181 1322 4250 quod
1332 4183 1445 4234 Athenis
1462 4185 1537 4233 turri
1548 4187 1620 4232 acta-

334 4285 424 4337 gcnae
435 4269 579 4336 insculpsit
591 4267 764 4320 Andronicus
777 4267 915 4338 Cyrrestes
926 4269 1032 4333 (Varro
1044 4268 1060 4322 l.
1073 4284 1105 4333 4.,
1124 4269 1231 4322 Vstrun
1243 4268 1267 4334 4,
1278 4271 1303 4334 4,
1314 4269 1338 4334 4,
1356 4267 1451 4320 Stuart
1463 4267 1520 4318 and
1529 4264 1620 4319 lteeett

336 4355 495 4421 antiquities
506 4353 538 4416 41
549 4356 652 4406 Athens
664 4355 678 4406 1
689 4369 747 4422 cap.
761 4353 831 4422 444),-
848 4355 917 4407 adde
931 4353 1007 4408 Grut.
1020 4354 1079 4419 444,
1090 4356 1110 4408 4
1121 4375 1155 4397 -ι
1167 4351 1276 4405 Ν444444
1288 4352 1362 4419 degli
1371 4355 1447 4404 scaci
1456 4353 1526 4406 4884
1534 4367 1562 4418 p.
1572 4353 1620 4414 t8,·

336 4440 370 4492 F.
382 4441 459 4492 Peter
476 4441 539 4494 dise.
555 4441 633 4492 acad.
646 4439 781 4492 archaeol.
790 4437 893 4507 pontif.
911 4439 927 4492 1
940 4441 959 4493 4
975 4454 1003 4505 p.
1021 4439 1056 4491 25
1065 4455 1118 4505 sep.
1137 4438 1221 4506 (deest
1238 4442 1295 4491 tam
1314 4437 1341 4490 C.
1351 4437 1373 4489 4.
1383 4436 1430 4489 Gr.
1448 4452 1529 4503 quam
1547 4435 1622 4502 apud

338 4523 455 4590 444444).
490 4525 640 4578 Ventorum
659 4527 770 4577 nomina
793 4526 938 4577 secundum
955 4525 1024 4577 caeti
1041 4527 1166 4590 regiones
1183 4525 1312 4590 disposita
1330 4526 1411 4574 etiarn
1430 4521 1523 4574 Kaihet
1538 4525 1619 4572 inser.

339 4608 384 4662 Gr.
398 4611 473 4664 Sicil.
487 4611 548 4663 Ital.
561 4613 610 4664 944
623 4609 667 4681 (-
679 4610 706 4663 X
714 4609 800 4675 4449).
813 4609 888 4663 4448.
914 4610 955 4660 De
967 4615 1105 4662 centorum
1116 4607 1341 4676 appellationibus
1353 4610 1379 4658 et
1389 4609 1459 4658 44444
1476 4604 1513 4668 ci.
1527 4603 1621 4657 444444

338 4694 427 4748 Herm.
444 4697 488 4760 20,
506 4695 571 4748 4884
587 4711 615 4763 p.
626 4697 737 4763 478444.
