3606 5426
484 395 571 452 Tituli
588 396 762 466 sepulcrales.
782 427 816 436 —-
836 397 900 452 lura
917 397 1113 467 sepulcrorum.
1367 398 1429 456 901

232 565 318 636 8271
362 570 391 630 d.
415 589 453 632 m.
484 569 489 654 Ι
521 571 669 633 Antoniae
693 569 894 632 clementinae
918 589 977 643 ux„
1009 573 1040 636 P.
1063 571 1166 634 Rufius
1189 571 1303 653 Flaosl
1335 591 1374 632 m.
1397 574 1429 634 l.¹

142 679 233 746 ets,
261 671 333 745 viv.;
362 672 424 752 inq.
448 675 620 735 memoriam
644 684 817 755 perpetuam
844 671 850 756 Ι
876 674 979 736 hortos
1001 675 1177 736 coherentes
1199 675 1259 736 sire
1282 673 1430 737 suburba-

143 793 219 834 num
243 774 362 836 tradidit
380 769 385 857 Ι
405 774 454 835 lib.
472 774 664 857 libertabusq.
681 795 716 838 ex
732 777 841 838 familia
860 775 932 850 ux.¹‚
956 777 1091 850 Marullo,
1113 776 1266 850 balneolo,
1290 776 1429 852 Helenae,

142 875 345 951 Tertullinee;
375 878 521 958 excepitq.
546 880 652 958 nequis
675 899 726 941 eos
745 878 751 961 Ι
771 881 927 953 venderet,
957 890 1003 940 set
1024 899 1078 958 per
1100 898 1195 958 genus
1217 880 1351 959 ipsorum
1374 898 1430 959 po·

142 979 240 1040 sessio
256 985 320 1054 (aa)
343 979 516 1041 decurreret
535 979 540 1060 Ι
560 980 605 1040 vel
628 999 682 1061 per
704 991 821 1043 atoatos
846 982 892 1042 vel
915 983 1122 1044 manumissos.

235 1077 388 1130 Tarracone
401 1080 443 1141 (II
450 1081 521 1133 4882
533 1080 602 1132 etate
615 1081 757 1144 Haeduae).
768 1111 801 1119 -
816 1084 840 1148 1)
855 1083 968 1132 Merenti
981 1081 1138 1147 (maritimi)
1151 1080 1224 1140 feeit.
1235 1111 1270 1119 -
1282 1084 1308 1148 2)
1323 1082 1430 1137 Uxoris.
1446 1095 1449 1101 ·

233 1216 321 1287 8272
364 1219 395 1281 C.
419 1220 509 1283 lulius
532 1222 657 1284 Hermes
676 1221 681 1296 Ι
702 1223 814 1284 libertis
835 1223 1058 1303 libertabusque
1081 1225 1142 1285 suis
1162 1223 1167 1305 Ι
1186 1224 1267 1286 dedit
1289 1225 1430 1306 posteris·
1516 1237 1520 1244 ’

143 1339 349 1400 quemnam,
375 1328 381 1404 Ι
409 1324 447 1384 ita
471 1334 503 1385 ut
527 1326 653 1404 nequis
681 1343 716 1386 ex
744 1327 801 1387 boc
823 1345 894 1406 agro
916 1321 1093 1409 aedificisIve
1122 1326 1230 1407 quibus
1260 1328 1430 1389 donationis

142 1441 233 1484 caiisa
257 1423 485 1507 eman¹oipatum
509 1427 574 1501 erit,
597 1429 774 1489 denomine
796 1424 964 1511 alienasse}
984 1429 1053 1490 velit
1076 1429 1131 1520 nisi
1154 1429 1184 1490 in
1201 1447 1329 1511 persona
1352 1429 1429 1491 lilio-

142 1543 211 1586 rum
232 1521 237 1609 Ι
257 1537 308 1588 aut
329 1527 503 1590 libertorum
526 1549 660 1604 suorum,
685 1550 723 1592 ne
746 1531 833 1592 simili
854 1530 858 1616 Ι
879 1550 975 1610 poena
998 1532 1148 1611 sepulchri
1164 1541 1317 1593 teneatur.

230 1623 338 1682 domae.
355 1630 410 1678 iam
430 1627 546 1694 Neapoli
568 1630 622 1697 (VI
640 1633 720 1682 aocet
739 1632 807 1681 vidit
825 1630 990 1698 Mommsen).

231 1761 318 1835 8273
362 1769 395 1833 P.
411 1770 540 1834 Marcius
557 1771 587 1832 P.
605 1774 624 1832 l.
642 1773 784 1834 Maximus
803 1772 808 1855 Ι
829 1784 859 1834 et
880 1774 1024 1836 Messenia
1049 1775 1083 1838 L.
1099 1775 1118 1834 i.
1134 1772 1248 1834 Valeria
1267 1770 1273 1855 Ι
1294 1774 1430 1833 lecerunt

142 1866 201 1930 sibi
225 1879 255 1930 et
276 1871 337 1932 suis
360 1870 474 1934 libertis
494 1871 499 1956 Ι
525 1872 717 1954 libertabusq.
743 1876 901 1955 posterisq.
925 1894 1046 1949 eorum,
1072 1874 1078 1959 Ι
1104 1883 1254 1955 utusque
1276 1874 1311 1935 ad
1336 1892 1429 1936 unum

143 1989 180 2031 ex
203 1971 291 2033 domo
315 1991 418 2034 eorum
438 1971 443 2057 Ι
465 1976 514 2054 qui
538 1977 668 2038 extiterit
690 1977 865 2058 possideat¹‚
889 1997 927 2039 ne
950 1987 980 2039 at
1002 1991 1134 2039 exterum
1155 1976 1160 2059 Ι
1180 1977 1342 2057 perveniat.

231 2070 329 2122 Itomae
347 2072 401 2139 (VI
409 2075 499 2128 22083
517 2077 585 2126 uidit
596 2077 723 2144 IIensen).
741 2107 776 2115 -
794 2081 819 2144 1)
838 2079 979 2144 Intellege:
996 2083 1034 2140 at,
1054 2094 1191 2145 quousque
1207 2093 1279 2128 aeres
1297 2094 1332 2128 ea:
1349 2077 1427 2128 deme

143 2171 238 2206 eoa-aem
257 2161 387 2221 extiterit,
404 2163 428 2208 r'e
446 2161 589 2222 possideat.

1174 2254 1179 2258 .
1186 2251 1429 2259 .--———-

230 2293 318 2365 8274
360 2301 387 2364 d.
411 2321 449 2361 m.
470 2298 476 2382 Ι
495 2303 528 2363 Τ.
552 2303 652 2364 Aelius
675 2307 749 2383 bug.
773 2304 823 2365 lib.
848 2303 974 2367 Faustus
994 2302 999 2386 Ι
1019 2316 1048 2366 et
1070 2304 1150 2365 Aelia
1173 2304 1262 2363 Arete
1286 2321 1360 2363 uxor
1385 2303 1428 2362 le-

142 2409 253 2462 cerunt
271 2399 276 2484 Ι
296 2403 351 2462 rivi
373 2402 428 2464 sibi
453 2414 482 2466 et
505 2405 607 2466 liberis
622 2408 693 2478 suis,
715 2406 785 2468 item
805 2402 810 2488 Ι
830 2407 943 2468 libertis
965 2405 1122 2485 libertabq.
1145 2404 1206 2466 suis
1230 2415 1259 2465 et
1277 2403 1281 2488 Ι
1302 2405 1429 2485 posteris

142 2519 265 2576 eorum,
288 2504 326 2565 ita
351 2516 383 2566 ut
406 2526 443 2567 ne
465 2508 501 2568 de
532 2504 537 2589 Ι
568 2508 690 2568 nomine
712 2527 767 2569 suo
790 2518 841 2569 aut
862 2509 969 2569 lamilia
995 2517 1079 2568 exeat
1107 2505 1113 2589 Ι
1144 2517 1176 2569 ut
1199 2508 1292 2586 possit
1315 2525 1427 2568 memo-

141 2605 205 2664 riae
228 2623 298 2666 suae
321 2606 418 2692 qualm
444 2608 606 2671 diutissime
629 2610 798 2671 sacrificari.

231 2702 329 2755 Romae
347 2707 493 2768 (Vllum
513 2709 655 2773 aliquoties
673 2710 809 2776 descripte
826 2725 896 2760 ecee.
914 2708 999 2762 XVII.
1017 2708 1130 2776 XVIII).

230 2844 315 2916 8275
360 2850 388 2909 d.
412 2870 451 2911 m.
471 2847 477 2933 Ι
497 2850 530 2911 L.
546 2850 637 2911 lulius
659 2850 836 2931 Apollonias
858 2861 888 2911 et
907 2849 911 2934 Ι
931 2852 965 2910 L.
981 2850 1073 2912 lulius
1097 2849 1220 2912 llaricua
1240 2849 1245 2929 Ι
1269 2842 1426 2932 leserunt}

143 2951 201 3012 sibi
224 2959 254 3011 et
275 2951 337 3011 suis
359 2962 389 3012 et
411 2951 526 3014 libertis
555 2951 561 3034 Ι
592 2952 813 3031 libertabusque
836 2953 1022 3033 posterisque
1049 2951 1054 3035 Ι
1080 2971 1183 3014 eorum
1215 2948 1220 3033 Ι
1250 2962 1280 3013 et
1302 2969 1340 3013 ne
1361 2952 1429 3030 quis

143 3053 357 3132 alienigerum¹
377 3050 383 3132 Ι
402 3073 513 3135 corpus
534 3057 645 3117 inlerre
660 3056 743 3129 velit,
768 3055 838 3116 item
859 3056 863 3139 Ι
885 3074 923 3116 nc
944 3053 981 3116 de
1005 3054 1125 3118 nomine
1141 3054 1284 3115 Iuliorum
1308 3065 1400 3116 exeat.
1421 3051 1427 3138 Ι

145 3153 223 3217 lluio
246 3167 441 3218 monumento
463 3158 549 3219 dolus
569 3155 574 3238 Ι
594 3157 687 3219 malus
709 3156 821 3218 abesto.

232 3254 331 3306 Romae
349 3257 401 3316 (VI
412 3258 489 3310 Ildtt
508 3258 592 3310 deser.
609 3273 679 3308 eaeo.
692 3255 786 3308 XVIII
801 3255 831 3309 ll.
844 3256 971 3322 Venuli).
981 3288 1015 3296 -
1036 3258 1060 3320 1)
1079 3257 1125 3307 Sic
1136 3257 1244 3307 videtur
1256 3257 1351 3319 legisse
1364 3255 1430 3306 Vere.

202 3385 204 3390 ’
231 3377 319 3448 827⁶
363 3382 393 3442 C.
409 3381 501 3443 lulius
523 3382 608 3443 lason
633 3393 662 3442 et
681 3379 686 3464 Ι
706 3381 829 3478 cheeia
850 3379 1026 3460 Tryphaena
1052 3377 1056 3462 Ι
1082 3382 1221 3442 lecerunt
1241 3381 1298 3443 sibi
1321 3391 1351 3442 et
1368 3379 1374 3463 Ι
1394 3381 1430 3441 li-

146 3483 238 3546 bertis
262 3481 483 3564 libertabusquc
508 3481 513 3566 Ι
539 3502 661 3546 suorum
685 3483 837 3544 dumtaxat
857 3483 909 3561 qui
928 3481 934 3561 Ι
954 3501 987 3542 cx
1010 3483 1116 3544 iamilie
1140 3501 1244 3544 eorum
1267 3483 1401 3545 luissent.
1422 3475 1428 3564 Ι

116 3565 120 3570 '
146 3585 178 3648 ιι
203 3588 240 3646 ι.
264 3606 292 3666 ρ.
312 3586 396 3658 vis,
420 3587 451 3648 ιι
474 3605 537 3666 agr.
561 3606 590 3667 p.
609 3585 696 3647 ιιιιι.

233 3685 339 3751 Itomae,
356 3691 411 3736 iam
432 3687 532 3738 oxonii
549 3686 603 3754 (VI
619 3688 703 3739 soom
720 3686 789 3736 uidit
808 3686 951 3753 Huebner).

232 3807 319 3877 8277
351 3812 379 3892 d.
395 3829 434 3872 m.
455 3809 460 3891 Ι
479 3810 511 3871 Ρ.
528 3811 620 3872 Sullio
636 3810 823 3871 Narcissiano
845 3807 849 3891 Ι
869 3810 929 3870 lilio
952 3809 1155 3870 benemerenti
1179 3809 1248 3868 lecit
1266 3804 1271 3890 Ι
1291 3808 1429 3869 Terentia

148 3912 316 3976 Secundilla
337 3912 342 3996 Ι
362 3923 391 3974 et
412 3913 467 3974 sihi
490 3921 521 3974 et
541 3913 603 3976 suis
625 3914 812 3993 posterisque
832 3910 837 3995 Ι
857 3930 975 3986 eorum,
999 3912 1036 3972 ita
1061 3929 1099 3971 ne
1122 3911 1158 3972 de
1176 3910 1296 3971 nomine
1316 3908 1321 3992 Ι
1340 3909 1430 3971 liber·

148 4025 247 4078 torum
269 4016 477 4078 libertarunme
496 4015 502 4098 Ι
521 4034 655 4078 meorum
678 4015 834 4095 posterisq.
860 4031 965 4074 eorum
988 4024 1081 4075 exeat.

232 4115 331 4168 Iiomae
351 4115 405 4182 (VI
419 4117 501 4169 26980
521 4118 589 4167 uidit
608 4115 764 4172 dIarr'nr'aa).

233 4252 323 4327 8278
352 4258 390 4318 Μ.
403 4257 551 4319 Varenus¹
567 4257 717 4336 Diogenes
736 4252 741 4338 Ι
762 4257 831 4317 lecit
845 4256 900 4317 sihi
917 4267 946 4316 et
961 4257 1022 4317 suis
1039 4267 1068 4317 et
1087 4257 1092 4339 Ι
1115 4255 1249 4315 Veturiee
1265 4252 1407 4313 Maximae
1423 4248 1428 4336 Ι

149 4362 268 4440 coniugi
285 4355 480 4447 ea[r]issimae
496 4371 525 4422 et
544 4357 548 4443 Ι
569 4359 607 4420 Μ.
625 4359 756 4421 Vareno¹
780 4357 942 4419 Fortunato
958 4358 1054 4420 blato*
1071 4357 1077 4440 Ι
1097 4367 1127 4418 et
1148 4356 1187 4417 Μ.
1203 4354 1333 4415 Vareno¹
1356 4354 1430 4415 For·

149 4471 263 4535 tunato,
292 4463 348 4524 rix.
370 4459 374 4544 Ι
393 4481 463 4524 aun.
482 4462 531 4523 Vll
555 4461 724 4524 mensibll
745 4460 823 4526 dieb.
847 4459 906 4535 XV,
927 4458 932 4544 Ι
960 4470 989 4520 et
1011 4458 1124 4520 libertis
1146 4455 1308 4518 libertabus
1330 4467 1431 4536 poste-

150 4567 220 4646 risq.
240 4575 244 4640 Ι
265 4584 368 4627 eorum
392 4578 422 4628 et
443 4583 570 4643 quorum
597 4564 716 4627 aomina
735 4561 740 4644 Ι
761 4564 809 4624 hic
824 4575 903 4638 sunt,
927 4582 966 4624 ne
988 4563 1026 4623 de
1050 4580 1159 4622 nomen
1177 4559 1283 4621 Vareni
1303 4557 1308 4641 Ι
1328 4559 1430 4621 exsiat.

234 4663 332 4717 Itomae
359 4665 412 4727 (VI
428 4666 514 4718 28348
536 4666 605 4716 vidit
621 4663 783 4730 Bormonis).
813 4692 847 4702 —
878 4665 903 4727 1)
926 4663 1046 4714 Primum
1068 4660 1264 4727 quadratae-ius
1284 4663 1431 4726 aare'peeral

150 4747 284 4812 Veranius,
303 4748 422 4803 Veranio,
441 4779 474 4787 -
497 4754 523 4814 l)
541 4752 599 4801 Aa:
616 4751 733 4800 maiar-i?

150 4841 448 4848 —1--———--—-..-.--.-.
