3606 5426
342 369 405 430 852
892 369 983 439 Caput
999 367 1086 424 XVII.

343 562 411 605 rum
434 553 508 622 quot
529 552 573 606 ets
586 549 650 618 (aie)
673 537 869 627 iultrantibus
891 550 975 622 parte
997 540 1163 628 scnexltra:
1186 542 1288 605 ollaria
1303 543 1408 624 pilaria
1427 541 1433 626 Ι
1452 552 1557 606 contra
1581 542 1637 606 alis

343 646 401 708 alio
424 664 454 706 n.
470 644 542 720 llll,
566 656 596 707 et
617 644 738 725 pariens
760 643 877 706 medius
899 662 929 724 p.
945 643 1035 708 Vsl.¹

428 743 536 809 Romae,
558 748 615 796 iam
634 744 730 799 IIrba'ni
751 741 804 813 (VI
816 744 897 798 474δὸ
914 744 983 797 orata
1002 744 1165 811 amno).
1191 773 1226 784 -
1254 748 1278 811 1)
1296 745 1495 798 Fortassean.
1513 756 1539 809 p.
1557 738 1637 793 VS}

345 833 436 896 (paon
451 829 527 898 ⁵³Id·

344 1175 385 1238 bl.
402 1174 536 1238 Statilius
557 1173 748 1258 lllercurilus¹
772 1177 843 1237 lecit
864 1175 919 1238 sibi

345 1286 375 1339 et
397 1277 530 1340 Liciniae
547 1275 553 1361 Ι
573 1277 659 1339 Vitali
682 1277 802 1358 coniugi
826 1277 921 1340 laris·

343 1380 435 1442 simae
465 1378 470 1463 Ι
500 1388 531 1442 et
563 1379 678 1442 Statilio
711 1379 826 1443 Geniali
855 1381 861 1465 Ι
892 1390 920 1443 et

345 1481 476 1544 Statiliae
498 1482 667 1544 Primitirae
686 1479 692 1566 Ι
711 1482 825 1545 libertis
847 1483 922 1544 meis

344 1597 374 1645 ot
396 1581 403 1668 Ι
428 1583 543 1646 libertis
564 1585 788 1668 libertabusquc
814 1586 889 1648 meis
914 1587 920 1663 Ι

342 1689 532 1769 posterisque
572 1707 677 1751 eorum
718 1685 725 1772 Ι
765 1688 920 1750 introitum

342 1791 455 1852 exitum
492 1787 685 1876 omnemlquo
723 1809 788 1852 rem
823 1791 921 1872 possi·

343 1893 414 1954 dere
442 1891 523 1972 quod
546 1893 617 1956 mibi
643 1891 648 1976 Ι
674 1912 851 1956 concessum
875 1902 920 1956 est

343 2013 360 2056 a
382 1994 417 2057 Τ.
433 1994 533 2056 Flavio
548 1995 675 2058 Rufino¹
695 1992 701 2078 Ι
721 1996 752 2057 in
768 2005 852 2077 parte
875 1995 919 2057 di-

343 2097 434 2160 midia
457 2096 639 2160 intrantibus
662 2096 667 2181 Ι
693 2107 779 2179 parte
801 2097 920 2160 siniste-

1059 1074 1259 1155 Euphrosyuo
1280 1073 1285 1154 Ι
1312 1082 1341 1134 et
1364 1071 1523 1134 lleroliano
1547 1066 1553 1151 Ι
1577 1086 1637 1130 ser.

1056 1175 1088 1240 C.
1108 1175 1162 1252 n.¹‚
1185 1191 1362 1238 concessum
1382 1171 1387 1257 Ι
1407 1173 1451 1236 eis
1473 1171 1510 1234 ab
1534 1169 1636 1233 Flavio

1057 1279 1166 1341 liuline
1185 1278 1192 1361 Ι
1210 1279 1241 1341 iu
1265 1284 1461 1339 monumento
1480 1271 1487 1359 Ι
1506 1273 1635 1335 Iuniano

1057 1380 1138 1460 quod
1166 1390 1211 1444 est
1240 1383 1246 1456 Ι
1275 1379 1349 1441 iuris
1376 1380 1450 1453 mei,
1484 1371 1635 1460 intranlti·

1057 1483 1114 1544 bus
1135 1491 1220 1563 parte
1242 1477 1388 1566 densim,
1417 1480 1448 1542 in
1475 1478 1607 1541 triclinio
1627 1474 1633 1560 Ι

1057 1587 1088 1648 in
1112 1605 1172 1667 quo
1195 1579 1329 1672 pari[o]te
1354 1593 1426 1647 sunt
1450 1580 1455 1666 Ι
1480 1582 1557 1644 ollae
1586 1601 1635 1644 os·

1056 1689 1152 1750 suaria
1187 1684 1193 1773 Ι
1228 1706 1353 1751 numero
1376 1685 1476 1760 Xllll,
1509 1688 1516 1763 Ι
1549 1693 1581 1746 et
1601 1684 1634 1745 in

1056 1790 1169 1853 triclia³
1190 1785 1384 1876 sarlcophaga
1406 1792 1436 1854 ia.
1458 1788 1515 1864 ΙΙΙ,
1535 1786 1542 1869 Ι
1560 1795 1636 1868 quot

1056 1894 1131 1957 cessi
1161 1888 1242 1979 e[9]o
1274 1889 1280 1975 Ι
1310 1891 1411 1955 ambas
1439 1901 1538 1973 partes
1569 1897 1600 1952 et
1625 1885 1633 1974 Ι

1056 1995 1171 2058 Statilio
1193 1995 1342 2058 Mercurio
1370 1993 1376 2076 Ι
1407 2006 1435 2056 et
1458 1991 1634 2056 nominibus

1054 2117 1079 2160 s.
1102 2099 1139 2160 s.⁴

344 2200 434 2262 riore.
473 2199 508 2261 ln
531 2200 632 2262 lroute
651 2195 656 2284 Ι
675 2200 767 2281 pedes
789 2199 920 2277 xxxtrt,

342 2302 375 2364 in
398 2318 471 2381 agro
493 2302 561 2383 ped.
582 2301 671 2364 XXX.
794 2363 797 2368 .

432 2403 465 2453 In
482 2404 567 2455 Portu
585 2401 705 2456 Ilomono
723 2419 788 2469 rap„
813 2401 910 2454 alsinda
925 2402 1025 2456 Romae
1043 2400 1119 2469 (ΧΨ
1135 2402 1201 2454 ibbo·
1218 2402 1303 2454 decor.
1322 2401 1420 2453 Settalc
1437 2404 1535 2453 auctor
1554 2415 1634 2450 oem-

342 2486 443 2556 ναίω).
468 2516 504 2527 -
532 2491 556 2553 1)
574 2487 647 2540 Idem
666 2489 715 2555 qui
727 2493 895 2540 memoratur
916 2491 946 2539 in
965 2489 1045 2540 tilulo
1066 2491 1147 2540 lucto
1170 2490 1267 2555 postte.
1294 2515 1329 2527 -
1357 2489 1382 2552 7)
1401 2487 1492 2540 Seruis
1510 2486 1635 2540 umora

343 2577 440 2627 nostri.
448 2603 483 2613 -
495 2575 521 2640 3)
536 2571 578 2635 Cf.
588 2571 624 2625 Ν.
632 2572 707 2627 8448.
716 2602 750 2611 -
760 2575 788 2640 d)
801 2573 891 2640 Supra
903 2576 1012 2642 empto
1024 2571 1162 2639 (intellego
1174 2573 1385 2642 Euphrosynum
1397 2577 1424 2624 ct
1435 2569 1633 2638 Hecatonem).

429 2658 537 2712 Simulat
559 2657 636 2709 tilulo·
657 2659 780 2726 bipertiti
804 2659 854 2728 (od
874 2663 981 2726 partem
1001 2660 1142 2710 calatriam
1164 2662 1191 2709 ol
1214 2658 1340 2710 dostram
1362 2659 1529 2710 monumenti
1548 2656 1635 2722 perti·

343 2743 448 2812 nantas)
471 2742 621 2810 complici-es
646 2745 736 2795 Osta'ac
758 2748 785 2795 ol
805 2747 835 2797 a'u
857 2745 943 2796 Portu
965 2747 1083 2810 raperti.-
1108 2759 1193 2810 supro
1210 2741 1244 2796 Ν.
1262 2743 1334 2796 6479.
1368 2741 1438 2795 XIV
1448 2741 1496 2794 tto
1508 2745 1556 2792 ool.
1581 2737 1633 2807 (cf.

342 2829 412 2883 XIV
422 2830 533 2894 nodi).
790 2819 798 2839 ⁹

428 2965 515 3038 'tuat
559 2969 604 3032 dis
626 2988 706 3031 man.
731 2970 737 3051 Ι
760 2969 929 3049 Ragoniacs
949 2970 1116 3032 Primitires
1138 2966 1145 3053 Ι
1171 2979 1201 3031 et
1221 2971 1356 3052 Ragonio
1377 2970 1473 3042 Quota
1495 2967 1553 3031 sibi
1575 2976 1606 3029 et
1624 2962 1632 3051 Ι

344 3071 380 3142 Ο.
402 3071 515 3132 blantio
538 3073 736 3152 Agatbemero
757 3068 762 3157 Ι
789 3071 912 3152 coniugi
937 3081 968 3134 et
987 3071 1086 3136 libert.
1109 3069 1273 3135 libertabus
1292 3071 1297 3155 Ι
1322 3072 1492 3154 posterisq.‚
1521 3071 1634 3133 aedicla

344 3191 402 3251 que
425 3181 471 3235 ost
493 3168 608 3257 conltra
631 3175 708 3236 ostiu
732 3192 800 3237 cum
824 3175 886 3237 olas
909 3195 939 3237 n.
955 3174 1010 3237 llll
1034 3185 1064 3236 et
1085 3185 1155 3238 aute
1175 3171 1296 3260 aedlicla
1319 3176 1338 3238 t
1361 3195 1391 3258 p.
1407 3174 1441 3251 t,
1463 3174 1513 3236 lat
1534 3192 1565 3254 p.
1580 3172 1632 3234 lll.

428 3269 528 3324 Romae
544 3271 599 3340 (VI
615 3273 702 3328 rosto
719 3275 790 3327 viati
807 3276 840 3328 ds
850 3275 950 3344 Hom).

428 3393 515 3466 7028
559 3441 669 3459 .....
694 3397 699 3482 Ι
727 3401 798 3461 emit
819 3398 876 3462 sibi
904 3412 935 3463 et
956 3400 1084 3463 Rutiliae
1105 3399 1223 3482 ilelpidi
1252 3399 1373 3479 coniugi
1404 3407 1433 3460 et
1454 3390 1603 3483 Rutilia[a]
1624 3393 1631 3481 Ι

345 3499 530 3581 Crispinillae
553 3501 584 3576 l.‚
611 3500 664 3563 lib.
685 3500 908 3583 libertabusque
930 3505 1089 3585 posterisq.
1113 3522 1216 3566 eorum
1239 3501 1408 3584 {aediculas
1423 3499 1478 3562 llll
1500 3498 1631 3563 columb.

342 3601 412 3678 llll,
435 3612 465 3665 et
486 3603 517 3664 in
540 3603 606 3666 solo
630 3612 700 3667 anto
722 3604 815 3666 aedic.
837 3605 869 3665 iu
892 3606 992 3667 lroute
1012 3603 1016 3689 Ι
1036 3606 1104 3687 ped.
1128 3605 1205 3667 llllS
1227 3623 1297 3667 cunr
1320 3623 1355 3666 eo
1379 3602 1523 3684 quidquid
1544 3601 1577 3663 in
1600 3620 1631 3681 p.

344 3704 446 3784 quadr.
471 3712 547 3785 part
570 3705 708 3768 interiori
729 3706 912 3769 continetur.

429 3802 529 3857 Rornae
551 3804 608 3872 (Vr
620 3805 704 3860 23677
719 3806 802 3858 smol
818 3807 952 3872 descripto
967 3823 1037 3860 succ.
1054 3805 1166 3876 XVIII).

427 3941 515 4015 7927
559 3946 721 4009 aediculam
746 3966 813 4009 cum
838 3947 904 4010 ollis
926 3949 1066 4023 ossuaris,
1089 3949 1129 4009 ita
1144 3949 1187 4010 uti
1211 3949 1241 4010 in
1261 3945 1266 4029 Ι
1287 3946 1449 4009 aediculam
1463 3951 1527 4020 (eto)
1549 3955 1632 4016 sunt,

345 4048 376 4111 C.
399 4046 509 4108 Luccei
531 4047 670 4129 Phyladis
691 4049 711 4111 l.
734 4043 868 4133 Foliclis¹
897 4049 1011 4129 geruli·
1038 4049 1110 4112 emit
1130 4049 1168 4111 de
1190 4048 1225 4113 D.
1246 4047 1373 4111 Laberio
1395 4045 1477 4108 Paeti
1499 4055 1529 4106 ct
1552 4045 1631 4126 lipa-

342 4145 483 4236 pbrodliti
506 4151 525 4212 L
549 4149 658 4214 Fausto
681 4153 713 4214 in
735 4161 933 4216 monumento
956 4151 987 4214 C.
1010 4151 1119 4214 Luccei
1140 4150 1218 4214 Bitbi
1240 4149 1260 4215 l.
1287 4145 1292 4232 Ι
1317 4148 1417 4212 Fausti
1445 4149 1631 4211 coactorisa

342 4263 434 4334 portu
455 4253 588 4316 vinario⁸
616 4263 646 4317 et
667 4255 701 4323 ll.
727 4253 842 4340 Lalberi
863 4254 946 4318 Paeti
968 4253 988 4315 l.
1011 4252 1225 4335 Epaphroditi‘
1251 4271 1267 4314 a
1290 4263 1379 4333 portu
1402 4250 1516 4313 vinario
1536 4247 1541 4335 Ι
1562 4267 1632 4312 cum

342 4355 423 4415 iutro
444 4355 476 4416 in
500 4365 697 4419 monumento
727 4377 831 4422 eorum
855 4377 904 4420 eas
926 4378 943 4419 e
966 4356 1090 4435 regione
1112 4356 1167 4418 osti
1194 4353 1199 4438 Ι
1225 4355 1345 4436 parietis
1366 4353 1444 4417 medi
1466 4353 1632 4415 aediculam

343 4474 413 4518 cum
436 4457 501 4520 ollis
523 4459 654 4522 ossuaris
676 4459 733 4523 sibi
756 4471 787 4523 et
808 4461 870 4524 suis
891 4459 1078 4541 superisque.

428 4555 527 4610 Romus
545 4560 598 4626 (VI
607 4560 673 4612 alca
690 4539 808 4622 fortasse
825 4560 906 4612 cenet
916 4563 1021 4612 lantum
1032 4559 1191 4626 ducrtsrto).
1203 4587 1237 4597 -
1256 4561 1280 4623 l)
1300 4556 1417 4610 Videtur
1433 4560 1541 4626 requiri
1552 4572 1633 4610 casua

338 4643 455 4708 patmus.
490 4644 612 4697 &torum
630 4647 700 4698 alios
721 4662 827 4714 meoque
844 4660 950 4698 mom
971 4648 1001 4696 in
1018 4645 1098 4697 libolo
1123 4645 1208 4696 insece
1229 4647 1352 4712 apparel.
1379 4671 1413 4681 -
1440 4645 1467 4709 2)
1485 4641 1527 4704 04.
1544 4657 1632 4709 supra

342 4723 461 4779 Iltirta.
478 4757 511 4766 —
530 4732 557 4794 3)
578 4729 618 4792 Cf.
637 4730 671 4786 Ν.
682 4731 756 4784 root.
774 4761 808 4771 -
825 4733 852 4788 ll
869 4730 1000 4782 Fortasse
1018 4730 1133 4782 ooeoIda't:
1152 4729 1287 4782 coactoris.
1306 4758 1341 4767 -
1358 4729 1435 4781 Addo
1452 4726 1486 4780 Ν.
1497 4727 1588 4782 7758&
