3606 5426
500 318 587 374 Tituli
604 319 780 389 sepulcrales.
798 348 833 359 -
854 317 989 389 sepulcre
1006 319 1170 375 communie.
1420 319 1485 379 839

279 490 321 541 Ile
337 492 389 542 lene
406 491 583 555 inscriptione
604 494 631 540 et
654 507 685 540 ee
703 507 774 558 ques
789 492 914 557 seqnitur
936 487 972 550 es.
991 491 1136 543 Mommsen
1154 492 1286 545 Zeiteelis.
1305 492 1331 545 d.
1350 491 1487 560 Savignp·

192 573 263 638 still.
280 573 331 636 siin
348 572 532 640 notingum.
551 575 589 638 ii,
607 576 673 628 4895
689 592 717 642 p.
734 576 785 627 207
803 580 858 628 net.
870 578 903 638 2,
926 577 975 642 qni
996 578 1032 628 iis
1054 579 1097 627 eit
1118 576 1255 628 illustrari
1271 577 1383 629 Horatii
1403 581 1485 630 verte

192 666 243 713 set.
261 660 284 724 4,
301 661 328 720 8,
345 659 377 712 40
386 677 441 725 seq.

279 779 364 849 7847
409 781 441 844 G.
464 783 594 844 veienus
621 779 654 844 0.
677 781 728 843 lib.
749 781 754 866 Ι
774 783 956 863 Trophimue
983 779 988 866 Ι
1011 784 1076 845 loca
1098 781 1283 868 sepultur[i]s
1302 780 1307 868 Ι
1331 785 1362 845 in
1386 785 1486 847 fronte

194 904 224 964 p.
249 882 310 960 CC,
336 879 343 966 Ι
373 884 404 946 in
428 903 491 965 egr.
514 903 544 965 p.
567 881 747 946 cclxxxii
778 880 783 967 Ι
813 884 893 947 inter
914 884 1011 964 ripam
1033 885 1165 950 fluminis
1195 883 1201 971 Ι
1232 894 1263 949 el
1283 886 1375 948 rivom
1399 887 1486 966 quid-

193 983 286 1071 qu[i]d
313 986 344 1048 in
369 1005 433 1048 eam
455 985 754 1066 demonstrationem
778 986 837 1049 loei
859 995 917 1062 eet,
947 984 954 1072 Ι
985 986 1021 1049 de
1044 988 1155 1052 finibus
1178 983 1258 1073 su[ie]
1290 986 1295 1069 Ι
1324 988 1487 1071 municipi-

193 1085 268 1174 bule]
288 1085 294 1171 Ι
314 1082 576 1174 Tolentinatibu[e]
602 1083 762 1174 donav[it].

283 1187 418 1240 Tolentini
435 1185 568 1256 (1715570
586 1189 654 1240 vidit
671 1187 839 1258 Mommsen).

280 1425 369 1498 7848
413 1428 606 1491 leibertorum
629 1427 911 1512 etleiberter.1tl.
934 1429 1114 1492 Maecenatis
1136 1429 1170 1491 L.
1192 1430 1225 1492 s.¹
1248 1430 1333 1492 Pom.
1352 1427 1359 1514 Ι
1385 1439 1486 1511 poste-

194 1534 316 1613 reisque
339 1549 443 1593 eorum
467 1540 496 1592 et
518 1530 570 1609 qui
592 1530 628 1592 ed
651 1529 680 1593 id
700 1529 707 1610 Ι
725 1530 872 1593 tuendum
895 1534 1092 1596 contulerunt
1110 1528 1116 1616 Ι
1135 1533 1330 1595 contulerint.

280 1631 388 1694 Itomae,
407 1636 486 1682 entra
499 1634 612 1698 portam
625 1630 830 1684 Praenestinam
847 1636 879 1684 ut
895 1632 1005 1684 videtur
1021 1648 1078 1697 nep.
1097 1633 1152 1700 (VI
1160 1631 1241 1686 emt
1258 1649 1337 1700 saepe
1349 1633 1486 1698 deseriptn

193 1735 263 1772 saec.
276 1718 361 1783 XVI).
378 1745 413 1755 -
432 1718 457 1781 1)
475 1715 525 1767 Est
541 1717 700 1766 notissimus
717 1718 821 1768 amiens
837 1717 970 1782 Augusti,
988 1717 1132 1780 defunctus
1149 1735 1175 1770 a.
1187 1734 1214 1770 u.
1225 1717 1281 1770 745.
1313 1717 1398 1770 Trilu
1410 1719 1488 1770 Ροω·

190 1807 274 1872 ptine
290 1801 357 1867 snit,
374 1805 468 1869 utpote
485 1800 619 1851 oriundus
630 1801 743 1852 Arretio
761 1799 810 1864 (es.
829 1818 913 1870 snpra
931 1801 965 1856 Ν.
978 1805 1056 1856 2959.
1068 1804 1146 1870 3255,
1157 1802 1248 1871 aliti).
1287 1801 1329 1864 Os.
1346 1802 1487 1856 Benmnnn

194 1891 296 1942 observ.
314 1888 347 1940 de
364 1890 449 1954 antip.
467 1885 543 1939 Item.
562 1885 633 1951 (ind.
652 1886 711 1938 leet.
729 1887 871 1955 marpurg.
888 1888 958 1944 tem
975 1889 1063 1956 aest).

282 1973 402 2026 Similem
414 1972 522 2025 titulum
532 1973 713 2038 pertinentem
726 1973 764 2023 ad
775 1973 885 2026 libertos
897 1973 1057 2027 Semteniae
1068 1973 1193 2026 Caesaris
1210 1974 1272 2026 tete·
1288 1988 1373 2040 supra
1384 1971 1420 2025 Ν.
1428 1971 1488 2038 ise,

193 2060 292 2112 similis
310 2059 468 2111 libertorum
486 2061 513 2108 et
529 2056 689 2108 libertanum
708 2057 836 2110 Oetaviae
854 2058 906 2112 Gai
922 2060 1009 2124 filiae,
1031 2058 1151 2118 sortasse
1165 2062 1271 2112 senonis
1287 2059 1420 2124 Augusti,
1442 2058 1490 2108 sed

194 2145 266 2196 mele
283 2145 434 2208 descriptus
451 2147 490 2192 est
507 2141 548 2193 VI
562 2143 670 2208 2552&
692 2145 730 2194 ad
746 2142 856 2195 liter-los
874 2150 900 2195 et
915 2162 1007 2198 servos
1023 2144 1119 2196 Liviae
1135 2147 1254 2210 pertinet
1270 2143 1305 2197 N.
1317 2143 1374 2196 447.

282 2263 367 2334 7849
411 2267 495 2328 locus
514 2267 519 2343 Ι
540 2266 667 2327 lemiliae
688 2265 693 2347 Ι
713 2265 900 2328 Salvidienee
916 2267 923 2347 Ι
942 2267 979 2338 Q.
1002 2270 1023 2328 f.
1046 2269 1126 2329 llut.¹

282 2364 381 2418 Nemee
405 2381 463 2432 nep.
488 2366 561 2416 inter
586 2367 645 2417 eins
671 2365 808 2418 Salariam
834 2371 860 2418 el
885 2367 1046 2418 Pineianam
1074 2367 1128 2433 (VI
1143 2367 1228 2420 25340
1250 2367 1321 2419 vidit
1339 2364 1435 2433 Galli).
1452 2391 1486 2402 -

198 2455 223 2518 1)
244 2450 359 2504 Femina
381 2452 440 2502 sine
463 2450 545 2502 detio
567 2450 674 2518 nolitis,
698 2467 734 2502 en
750 2455 836 2518 stirpe
853 2451 884 2515 Q.
902 2451 1055 2504 Salvidieni
1071 2452 1135 2515 Rufi
1157 2467 1235 2518 quem
1256 2455 1408 2502 memorant
1426 2449 1487 2502 Lie.

194 2541 260 2604 epte.
271 2537 329 2600 427,
349 2537 403 2587 mo
415 2537 456 2601 te,
466 2539 501 2589 se
516 2539 564 2588 eet.

283 2672 371 2744 78511
413 2675 540 2737 familiae
560 2672 565 2755 Ι
585 2676 619 2738 Α.
641 2673 777 2749 Allieni',
796 2671 802 2757 Ι
822 2675 853 2736 in
878 2677 915 2741 ir.
936 2695 969 2757 p.
990 2674 1052 2749 XV,
1072 2673 1078 2760 Ι
1097 2677 1127 2738 in
1151 2695 1196 2757 eg.
1219 2695 1249 2756 p.
1265 2673 1330 2737 XVI
1349 2673 1355 2756 Ι
1373 2671 1422 2758 (et
1443 2675 1487 2735 is-

196 2779 294 2841 miliae
313 2775 319 2863 Ι
339 2778 439 2840 Pollae
462 2771 620 2860 llinluciae
643 2775 679 2848 Q.
702 2769 762 2861 s.¹>.

283 2875 384 2930 Nemee
396 2893 453 2944 rep.
468 2894 555 2946 prope
564 2881 673 2944 portam
685 2876 900 2944 Praenestinam,
919 2882 1014 2946 cippus
1032 2878 1088 2940 (VI
1094 2877 1158 2931 5694
1171 2878 1243 2928 vidit
1254 2876 1384 2944 Heneen).
1415 2876 1490 2942 Quae

196 2967 275 3015 emme
287 2960 303 3031 Ι
316 2959 331 3032 Ι
345 2964 512 3027 inclusimus,
531 2963 588 3015 alin
605 2977 690 3013 manu
706 2968 799 3030 postea
816 2963 923 3015 adiecta
939 2969 1012 3018 sunt.
1034 2991 1069 3002 —
1097 2965 1121 3029 1)
1139 2964 1173 3015 A.
1191 2962 1315 3015 Allienus
1329 2966 1418 3028 potest
1434 2978 1490 3013 esse

195 3051 309 3115 praeter
326 3065 351 3100 a.
363 3048 413 3100 705
429 3053 512 3100 notus
529 3065 564 3100 em
581 3063 674 3100 renum
693 3049 873 3115 scriptoribus
890 3054 917 3099 et
932 3052 1063 3112 nummis,
1093 3050 1118 3113 2)
1138 3047 1169 3113 Q.
1182 3047 1320 3099 Minucius
1336 3062 1414 3099 seeen
1431 3049 1489 3098 eine

200 3133 330 3186 Thermus
342 3137 459 3200 praetor
474 3150 501 3184 n.
512 3133 562 3186 703
580 3132 734 3200 (Memmi).

283 3255 371 3325 7851
414 3258 514 3319 libert.
537 3267 567 3319 et
585 3256 591 3338 Ι
610 3259 737 3319 inmitiae
756 3261 761 3338 Ι
783 3259 814 3318 1..
837 3258 961 3320 Arrunti
984 3259 1018 3318 L.
1041 3261 1062 3318 i.
1082 3255 1088 3340 Ι
1107 3256 1187 3318 Teii

284 3355 383 3408 Nemee
405 3372 462 3424 rep.
488 3357 519 3406 in
540 3363 713 3410 monumento
740 3358 777 3409 nd
793 3359 964 3425 prineipinm
990 3359 1051 3408 siae
1074 3357 1265 3408 Praenestinae
1291 3352 1425 3423 (175934
1451 3353 1487 3416 es.

195 3460 224 3510 p.
238 3441 306 3495 3548
323 3443 466 3508 aliquoties
478 3442 616 3509 descripte
631 3459 700 3495 enee.
711 3441 806 3495 XVII!
821 3457 882 3493 mem
893 3446 1003 3508 reperta
1015 3441 1075 3509 est).
1092 3469 1127 3480 -
1146 3443 1170 3506 1)
1190 3442 1306 3494 Videtur
1323 3456 1378 3490 esse
1395 3441 1491 3492 eonsnl

197 3546 224 3582 a.
239 3545 268 3595 p.
287 3527 348 3580 cm.
365 3530 389 3582 5.

285 3629 392 3702 7851·
420 3631 596 3695 libertorum
620 3629 627 3716 Ι
651 3631 810 3695 Arruntiee
833 3631 946 3695 Camilli
970 3631 976 3716 Ι
1002 3631 1080 3694 filiae
1102 3630 1241 3694 Camillae
1250 3632 1269 3706 ¹,
1300 3626 1306 3712 Ι
1336 3628 1486 3716 eurentel

196 3735 344 3799 Arruntio
366 3736 478 3798 Firmo.

285 3833 385 3887 Nemee
402 3851 459 3903 rep.
476 3850 532 3886 una
550 3849 611 3886 eum
629 3852 661 3887 ea
678 3852 748 3904 pesae
763 3835 903 3901 praeeedit
920 3834 975 3901 (VI
989 3834 1061 3888 5⁹32
1077 3834 1160 3885 semel
1176 3835 1334 3903 descripta).
1345 3865 1380 3875 -
1400 3836 1424 3899 1)
1443 3834 1491 3887 Vs·-

197 3922 280 3974 demi·
291 3937 345 3972 esse
356 3921 416 3984 filie
427 3921 459 3974 1..
471 3921 601 3973 Amentii
615 3920 723 3974 Camilli
735 3919 911 3972 Sertlonieni
921 3921 1040 3972 consulis
1054 3937 1080 3973 a.
1091 3922 1128 3973 52
1141 3923 1239 3988 (snpra
1251 3918 1286 3974 N.
1294 3922 1385 3986 5950),
1402 3922 1492 3986 neptis

197 4005 486 4072 (adoptionesontasse
497 4005 691 4069 intercedente)
709 4005 740 4059 1..
755 4007 884 4058 Arruntii
902 4008 959 4056 eius
977 4008 1025 4071 qui
1040 4006 1189 4071 praeeedit.
1224 4006 1326 4058 Eadem
1344 4009 1374 4056 in
1391 4003 1491 4072 tegnlis

197 4091 249 4144 XV
260 4091 372 4156 itiseq.

285 4211 373 4284 7852
415 4214 590 4276 libertorum
610 4212 615 4297 Ι
636 4225 665 4276 et
686 4214 862 4276 libertanum
881 4211 887 4295 Ι
913 4223 943 4274 et
963 4213 1091 4275 familiae
1111 4211 1116 4294 Ι
1136 4212 1167 4276 C.
1190 4216 1271 4277 Anni
1294 4214 1325 4276 G.
1348 4214 1368 4275 f.
1392 4211 1460 4274 Cor.
1482 4210 1488 4296 Ι

199 4315 372 4379 90111οηί14.

286 4416 385 4468 Nemee
402 4419 433 4468 in
444 4419 524 4468 einen
535 4415 712 4469 Ammentola
731 4416 768 4467 ad
779 4417 851 4467 viane
863 4417 980 4483 Appiam
997 4431 1063 4483 rep„
1082 4419 1178 4483 eippses
1194 4433 1230 4467 ece
1243 4414 1334 4481 lepide
1348 4412 1491 4465 Tiburtino

199 4499 333 4564 (717395
349 4503 420 4554 vidit
436 4501 606 4570 Mommsen).
636 4500 694 4557 Une
712 4503 815 4569 reperti
831 4505 896 4552 sunt
913 4501 990 4550 tituli
1006 4501 1161 4553 Anniemem
1180 4499 1219 4553 Vl
1233 4501 1377 4566 litisep„
1400 4501 1492 4550 iniis

200 4583 279 4646 inti-n
296 4584 331 4638 N.
342 4586 417 4638 7959.
434 4615 469 4626 -
488 4589 512 4652 1)
531 4587 659 4638 Fortasse
671 4589 703 4646 is,
722 4588 770 4653 qui
781 4603 808 4638 a.
820 4585 856 4638 32
873 4589 986 4652 prepter
1001 4588 1216 4638 coniurationem
1229 4584 1325 4637 Seiani
1340 4585 1492 4634 maiestatis

199 4671 354 4737 postuletne
372 4676 412 4723 est
430 4671 507 4734 (Tae.
519 4688 583 4740 ann,
597 4674 621 4733 t,
633 4668 671 4739 9).
706 4671 839 4736 Boe-giesi
856 4685 918 4737 opp.
936 4672 958 4731 t,
970 4669 1027 4724 178.
