<?xml version="1.0" encoding="UTF-8"?>
<!DOCTYPE html PUBLIC "-//W3C//DTD XHTML 1.0 Transitional//EN"
    "http://www.w3.org/TR/xhtml1/DTD/xhtml1-transitional.dtd">
<html xmlns="http://www.w3.org/1999/xhtml" xml:lang="en" lang="en">
 <head>
  <title>
</title>
<meta http-equiv="Content-Type" content="text/html;charset=utf-8" />
  <meta name='ocr-system' content='tesseract 3.04.00' />
  <meta name='ocr-capabilities' content='ocr_page ocr_carea ocr_par ocr_line ocrx_word'/>
</head>
<body>
  <div class='ocr_page' id='page_1' title='image "./inscriptionesla01dessgoog_0115.png"; bbox 0 0 3606 5426; ppageno 0'>
   <div class='ocr_carea' id='block_1_1' title="bbox 325 379 1052 450">
    <p class='ocr_par' dir='ltr' id='par_1_1' title="bbox 325 379 1052 450">
     <span class='ocr_line' id='line_1_1' title="bbox 325 379 1052 450; baseline -0.007 -11"><span class='ocrx_word' id='word_1_1' title='bbox 325 381 389 440; x_wconf 81' lang='lat'><strong>842</strong></span> <span class='ocrx_word' id='word_1_2' title='bbox 856 379 1052 450; x_wconf 76' lang='lat' dir='ltr'><strong>caputxvlt.</strong></span> 
     </span>
    </p>
   </div>
   <div class='ocr_carea' id='block_1_2' title="bbox 410 551 1616 638">
    <p class='ocr_par' dir='ltr' id='par_1_2' title="bbox 410 551 1616 638">
     <span class='ocr_line' id='line_1_2' title="bbox 410 551 1616 638; baseline -0.005 -18"><span class='ocrx_word' id='word_1_3' title='bbox 410 551 496 624; x_wconf 75' lang='lat'><strong>7867</strong></span> <span class='ocrx_word' id='word_1_4' title='bbox 533 554 633 636; x_wconf 84' lang='lat' dir='ltr'><strong>Nepos</strong></span> <span class='ocrx_word' id='word_1_5' title='bbox 656 555 721 616; x_wconf 85' lang='lat' dir='ltr'><strong>deo.</strong></span> <span class='ocrx_word' id='word_1_6' title='bbox 741 551 746 636; x_wconf 94' lang='grc' dir='ltr'>Ι</span> <span class='ocrx_word' id='word_1_7' title='bbox 766 556 968 634; x_wconf 84' lang='lat' dir='ltr'><strong>pavimentum</strong></span> <span class='ocrx_word' id='word_1_8' title='bbox 990 555 1021 616; x_wconf 93' lang='lat' dir='ltr'><strong>in</strong></span> <span class='ocrx_word' id='word_1_9' title='bbox 1042 552 1047 638; x_wconf 96' lang='grc' dir='ltr'>Ι</span> <span class='ocrx_word' id='word_1_10' title='bbox 1067 555 1202 618; x_wconf 85' lang='lat' dir='ltr'><strong>ossuario</strong></span> <span class='ocrx_word' id='word_1_11' title='bbox 1225 565 1255 616; x_wconf 87' lang='lat' dir='ltr'><strong>et</strong></span> <span class='ocrx_word' id='word_1_12' title='bbox 1274 551 1279 638; x_wconf 95' lang='grc' dir='ltr'>Ι</span> <span class='ocrx_word' id='word_1_13' title='bbox 1298 553 1478 617; x_wconf 84' lang='lat' dir='ltr'><strong>subsoalaria</strong></span> <span class='ocrx_word' id='word_1_14' title='bbox 1501 555 1529 615; x_wconf 87' lang='lat' dir='ltr'><strong>d.</strong></span> <span class='ocrx_word' id='word_1_15' title='bbox 1545 574 1570 617; x_wconf 88' lang='lat' dir='ltr'><strong>s.</strong></span> <span class='ocrx_word' id='word_1_16' title='bbox 1586 573 1616 634; x_wconf 82' lang='lat' dir='ltr'><strong>p.</strong></span> 
     </span>
    </p>
   </div>
   <div class='ocr_carea' id='block_1_3' title="bbox 325 653 937 740">
    <p class='ocr_par' dir='ltr' id='par_1_3' title="bbox 325 653 937 740">
     <span class='ocr_line' id='line_1_3' title="bbox 325 653 937 740; baseline 0.002 -22"><span class='ocrx_word' id='word_1_17' title='bbox 325 658 354 718; x_wconf 87' lang='lat' dir='ltr'><strong>d.</strong></span> <span class='ocrx_word' id='word_1_18' title='bbox 376 657 427 730; x_wconf 62' lang='lat' dir='ltr'><strong>d),</strong></span> <span class='ocrx_word' id='word_1_19' title='bbox 448 653 453 740; x_wconf 90' lang='grc' dir='ltr'>Ι</span> <span class='ocrx_word' id='word_1_20' title='bbox 473 655 505 718; x_wconf 87' lang='lat' dir='ltr'><strong>C.</strong></span> <span class='ocrx_word' id='word_1_21' title='bbox 529 656 656 719; x_wconf 84' lang='lat' dir='ltr'><strong>Caesare</strong></span> <span class='ocrx_word' id='word_1_22' title='bbox 678 655 712 719; x_wconf 82' lang='lat' dir='ltr'><strong>L.</strong></span> <span class='ocrx_word' id='word_1_23' title='bbox 735 657 838 719; x_wconf 79' lang='lat' dir='ltr'>Paullo</span> <span class='ocrx_word' id='word_1_24' title='bbox 862 658 937 719; x_wconf 87' lang='lat' dir='ltr'><strong>oos.²</strong></span> 
     </span>
    </p>
   </div>
   <div class='ocr_carea' id='block_1_4' title="bbox 322 755 1617 1078">
    <p class='ocr_par' dir='ltr' id='par_1_4' title="bbox 322 755 1617 1078">
     <span class='ocr_line' id='line_1_4' title="bbox 415 755 1617 824; baseline -0.001 -17"><span class='ocrx_word' id='word_1_25' title='bbox 415 755 517 808; x_wconf 81' lang='lat' dir='ltr'><strong>Itomae</strong></span> <span class='ocrx_word' id='word_1_26' title='bbox 545 773 602 823; x_wconf 83' lang='lat' dir='ltr'><strong>rep.</strong></span> <span class='ocrx_word' id='word_1_27' title='bbox 631 759 661 809; x_wconf 81' lang='lat' dir='ltr'><strong>tn</strong></span> <span class='ocrx_word' id='word_1_28' title='bbox 690 760 770 810; x_wconf 77' lang='lat' dir='ltr'><strong>utnon</strong></span> <span class='ocrx_word' id='word_1_29' title='bbox 798 757 927 821; x_wconf 81' lang='lat' dir='ltr'><strong>Godinr&#39;a,</strong></span> <span class='ocrx_word' id='word_1_30' title='bbox 955 774 1042 824; x_wconf 82' lang='lat' dir='ltr'><strong>prope</strong></span> <span class='ocrx_word' id='word_1_31' title='bbox 1068 759 1223 824; x_wconf 73' lang='lat' dir='ltr'><strong>sepulcrum</strong></span> <span class='ocrx_word' id='word_1_32' title='bbox 1253 760 1284 808; x_wconf 81' lang='lat' dir='ltr'><strong>ta</strong></span> <span class='ocrx_word' id='word_1_33' title='bbox 1313 773 1367 824; x_wconf 78' lang='lat' dir='ltr'><strong>quo</strong></span> <span class='ocrx_word' id='word_1_34' title='bbox 1395 756 1431 809; x_wconf 89' lang='grc' dir='ltr'><strong>Ν.</strong></span> <span class='ocrx_word' id='word_1_35' title='bbox 1452 757 1533 821; x_wconf 74' lang='lat'><strong><em>7895,</em></strong></span> <span class='ocrx_word' id='word_1_36' title='bbox 1561 771 1617 806; x_wconf 77' lang='lat' dir='ltr'><strong>nm</strong></span> 
     </span>
     <span class='ocr_line' id='line_1_5' title="bbox 324 841 1617 909; baseline -0.002 -17"><span class='ocrx_word' id='word_1_37' title='bbox 324 845 354 892; x_wconf 78' lang='lat' dir='ltr'><strong>tu</strong></span> <span class='ocrx_word' id='word_1_38' title='bbox 379 858 418 905; x_wconf 78' lang='lat' dir='ltr'><strong>so,</strong></span> <span class='ocrx_word' id='word_1_39' title='bbox 443 844 628 908; x_wconf 80' lang='lat' dir='ltr'><strong>pauimentum</strong></span> <span class='ocrx_word' id='word_1_40' title='bbox 650 845 741 908; x_wconf 67' lang='lat' dir='ltr'><strong>opwls</strong></span> <span class='ocrx_word' id='word_1_41' title='bbox 763 845 863 894; x_wconf 76' lang='lat' dir='ltr'><strong>musivi</strong></span> <span class='ocrx_word' id='word_1_42' title='bbox 889 842 944 909; x_wconf 86' lang='lat' dir='ltr'><strong>(Vl</strong></span> <span class='ocrx_word' id='word_1_43' title='bbox 962 844 1030 897; x_wconf 70' lang='grc'><strong>5554</strong></span> <span class='ocrx_word' id='word_1_44' title='bbox 1057 843 1127 894; x_wconf 71' lang='lat' dir='ltr'><strong>vieta</strong></span> <span class='ocrx_word' id='word_1_45' title='bbox 1151 843 1277 905; x_wconf 61' lang='lat' dir='ltr'><strong>lionam</strong></span> <span class='ocrx_word' id='word_1_46' title='bbox 1303 846 1436 909; x_wconf 78' lang='lat' dir='ltr'><strong>epoetmm</strong></span> <span class='ocrx_word' id='word_1_47' title='bbox 1460 841 1617 892; x_wconf 70' lang='lat' dir='ltr'><strong>titanum</strong></span> 
     </span>
     <span class='ocr_line' id='line_1_6' title="bbox 324 926 1616 994; baseline -0.002 -17"><span class='ocrx_word' id='word_1_48' title='bbox 324 927 449 978; x_wconf 63' lang='lat' dir='ltr'><strong>teutonas</strong></span> <span class='ocrx_word' id='word_1_49' title='bbox 473 945 516 979; x_wconf 72' lang='lat' dir='ltr'><strong>aa.</strong></span> <span class='ocrx_word' id='word_1_50' title='bbox 534 945 587 980; x_wconf 81' lang='lat' dir='ltr'><strong>ser.</strong></span> <span class='ocrx_word' id='word_1_51' title='bbox 605 931 692 994; x_wconf 78' lang='lat' dir='ltr'><strong>epigr.</strong></span> <span class='ocrx_word' id='word_1_52' title='bbox 710 945 738 981; x_wconf 82' lang='lat' dir='ltr'><strong>n.</strong></span> <span class='ocrx_word' id='word_1_53' title='bbox 753 931 808 993; x_wconf 77' lang='lat'><em>56).</em></span> <span class='ocrx_word' id='word_1_54' title='bbox 844 956 879 966; x_wconf 92' lang='lat'>—</span> <span class='ocrx_word' id='word_1_55' title='bbox 915 931 940 994; x_wconf 85' lang='lat'><strong>1)</strong></span> <span class='ocrx_word' id='word_1_56' title='bbox 962 930 1004 980; x_wconf 82' lang='lat' dir='ltr'><strong>De</strong></span> <span class='ocrx_word' id='word_1_57' title='bbox 1028 944 1079 979; x_wconf 78' lang='lat' dir='ltr'><strong>rua</strong></span> <span class='ocrx_word' id='word_1_58' title='bbox 1104 931 1221 994; x_wconf 76' lang='lat' dir='ltr'><strong>perunte</strong></span> <span class='ocrx_word' id='word_1_59' title='bbox 1248 928 1320 980; x_wconf 82' lang='lat' dir='ltr'><strong>douo</strong></span> <span class='ocrx_word' id='word_1_60' title='bbox 1346 928 1429 981; x_wconf 74' lang='lat' dir='ltr'><strong>dante</strong></span> <span class='ocrx_word' id='word_1_61' title='bbox 1464 954 1499 964; x_wconf 97' lang='lat'>-</span> <span class='ocrx_word' id='word_1_62' title='bbox 1534 927 1561 990; x_wconf 90' lang='grc'><strong>2)</strong></span> <span class='ocrx_word' id='word_1_63' title='bbox 1581 926 1616 976; x_wconf 88' lang='lat' dir='ltr'><strong>A.</strong></span> 
     </span>
     <span class='ocr_line' id='line_1_7' title="bbox 322 1012 472 1078; baseline 0 -15"><span class='ocrx_word' id='word_1_64' title='bbox 322 1027 350 1078; x_wconf 79' lang='lat' dir='ltr'><strong>p.</strong></span> <span class='ocrx_word' id='word_1_65' title='bbox 370 1012 430 1064; x_wconf 78' lang='lat' dir='ltr'><strong>car.</strong></span> <span class='ocrx_word' id='word_1_66' title='bbox 448 1013 472 1063; x_wconf 77' lang='lat' dir='ltr'><strong>l.</strong></span> 
     </span>
    </p>
   </div>
   <div class='ocr_carea' id='block_1_5' title="bbox 325 1165 1616 1356">
    <p class='ocr_par' dir='ltr' id='par_1_5' title="bbox 325 1165 1616 1356">
     <span class='ocr_line' id='line_1_8' title="bbox 411 1165 1616 1253; baseline -0.003 -19"><span class='ocrx_word' id='word_1_67' title='bbox 411 1165 500 1236; x_wconf 68' lang='lat'><strong>78⁰8</strong></span> <span class='ocrx_word' id='word_1_68' title='bbox 541 1169 647 1232; x_wconf 85' lang='lat' dir='ltr'><strong>Mellar</strong></span> <span class='ocrx_word' id='word_1_69' title='bbox 670 1169 846 1233; x_wconf 88' lang='lat' dir='ltr'><strong>Veldiauus¹</strong></span> <span class='ocrx_word' id='word_1_70' title='bbox 868 1167 873 1252; x_wconf 92' lang='grc' dir='ltr'>Ι</span> <span class='ocrx_word' id='word_1_71' title='bbox 896 1170 999 1232; x_wconf 88' lang='lat' dir='ltr'><strong>deour.</strong></span> <span class='ocrx_word' id='word_1_72' title='bbox 1021 1170 1088 1235; x_wconf 86' lang='lat' dir='ltr'><strong>iter.</strong></span> <span class='ocrx_word' id='word_1_73' title='bbox 1107 1169 1113 1249; x_wconf 93' lang='grc' dir='ltr'>Ι</span> <span class='ocrx_word' id='word_1_74' title='bbox 1139 1171 1267 1250; x_wconf 80' lang='lat' dir='ltr'><strong>parietes</strong></span> <span class='ocrx_word' id='word_1_75' title='bbox 1289 1181 1319 1231; x_wconf 86' lang='lat' dir='ltr'><strong>et</strong></span> <span class='ocrx_word' id='word_1_76' title='bbox 1340 1188 1473 1232; x_wconf 80' lang='lat' dir='ltr'><strong>camaras</strong></span> <span class='ocrx_word' id='word_1_77' title='bbox 1491 1166 1498 1253; x_wconf 95' lang='grc' dir='ltr'>Ι</span> <span class='ocrx_word' id='word_1_78' title='bbox 1523 1169 1616 1232; x_wconf 80' lang='lat' dir='ltr'><strong>saala-</strong></span> 
     </span>
     <span class='ocr_line' id='line_1_9' title="bbox 325 1268 1614 1356; baseline 0.001 -25"><span class='ocrx_word' id='word_1_79' title='bbox 325 1270 459 1332; x_wconf 82' lang='lat' dir='ltr'><strong>riorum’</strong></span> <span class='ocrx_word' id='word_1_80' title='bbox 486 1290 578 1353; x_wconf 89' lang='lat' dir='ltr'><strong>opere</strong></span> <span class='ocrx_word' id='word_1_81' title='bbox 612 1271 617 1355; x_wconf 88' lang='grc' dir='ltr'>Ι</span> <span class='ocrx_word' id='word_1_82' title='bbox 649 1273 776 1336; x_wconf 80' lang='lat' dir='ltr'><strong>tectorio</strong></span> <span class='ocrx_word' id='word_1_83' title='bbox 806 1273 969 1353; x_wconf 85' lang='lat' dir='ltr'><strong>expolitum</strong></span> <span class='ocrx_word' id='word_1_84' title='bbox 1003 1268 1008 1356; x_wconf 96' lang='grc' dir='ltr'>Ι</span> <span class='ocrx_word' id='word_1_85' title='bbox 1042 1272 1071 1333; x_wconf 88' lang='lat' dir='ltr'><strong>d.</strong></span> <span class='ocrx_word' id='word_1_86' title='bbox 1099 1291 1123 1334; x_wconf 90' lang='lat' dir='ltr'><strong>s.</strong></span> <span class='ocrx_word' id='word_1_87' title='bbox 1153 1291 1184 1352; x_wconf 82' lang='lat' dir='ltr'><strong>p.</strong></span> <span class='ocrx_word' id='word_1_88' title='bbox 1213 1273 1241 1333; x_wconf 87' lang='lat' dir='ltr'><strong>d.</strong></span> <span class='ocrx_word' id='word_1_89' title='bbox 1272 1272 1301 1333; x_wconf 89' lang='lat' dir='ltr'><strong>d.</strong></span> <span class='ocrx_word' id='word_1_90' title='bbox 1335 1270 1341 1356; x_wconf 95' lang='grc' dir='ltr'>Ι</span> <span class='ocrx_word' id='word_1_91' title='bbox 1375 1271 1551 1338; x_wconf 72' lang='lat' dir='ltr'><strong>emesan</strong></span> <span class='ocrx_word' id='word_1_92' title='bbox 1579 1270 1614 1333; x_wconf 91' lang='lat' dir='ltr'><strong>L.</strong></span> 
     </span>
    </p>
   </div>
   <div class='ocr_carea' id='block_1_6' title="bbox 325 1372 526 1435">
    <p class='ocr_par' dir='ltr' id='par_1_6' title="bbox 325 1372 526 1435">
     <span class='ocr_line' id='line_1_10' title="bbox 325 1372 526 1435; baseline 0.005 -1"><span class='ocrx_word' id='word_1_93' title='bbox 325 1372 429 1434; x_wconf 78' lang='lat' dir='ltr'><strong>Paullo</strong></span> <span class='ocrx_word' id='word_1_94' title='bbox 452 1376 526 1435; x_wconf 76' lang='lat' dir='ltr'><strong>eoo.⁸</strong></span> 
     </span>
    </p>
   </div>
   <div class='ocr_carea' id='block_1_7' title="bbox 324 1472 1617 1881">
    <p class='ocr_par' dir='ltr' id='par_1_7' title="bbox 324 1472 1617 1881">
     <span class='ocr_line' id='line_1_11' title="bbox 410 1472 1615 1542; baseline -0.001 -18"><span class='ocrx_word' id='word_1_95' title='bbox 410 1472 510 1524; x_wconf 76' lang='lat' dir='ltr'><strong>Rornae</strong></span> <span class='ocrx_word' id='word_1_96' title='bbox 527 1477 557 1525; x_wconf 82' lang='lat' dir='ltr'><strong>in</strong></span> <span class='ocrx_word' id='word_1_97' title='bbox 574 1478 637 1542; x_wconf 81' lang='lat' dir='ltr'><strong>ripn</strong></span> <span class='ocrx_word' id='word_1_98' title='bbox 655 1475 754 1526; x_wconf 72' lang='lat' dir='ltr'><strong>dextra</strong></span> <span class='ocrx_word' id='word_1_99' title='bbox 775 1473 878 1526; x_wconf 65' lang='lat' dir='ltr'><strong>lilerio</strong></span> <span class='ocrx_word' id='word_1_100' title='bbox 894 1491 952 1538; x_wconf 79' lang='lat' dir='ltr'><strong>rep.</strong></span> <span class='ocrx_word' id='word_1_101' title='bbox 970 1474 1025 1542; x_wconf 86' lang='lat' dir='ltr'><strong>(Vl</strong></span> <span class='ocrx_word' id='word_1_102' title='bbox 1039 1473 1122 1526; x_wconf 73' lang='lat' dir='ltr'><strong>aeota</strong></span> <span class='ocrx_word' id='word_1_103' title='bbox 1139 1475 1224 1526; x_wconf 77' lang='lat' dir='ltr'><strong>deser.</strong></span> <span class='ocrx_word' id='word_1_104' title='bbox 1244 1473 1391 1539; x_wconf 75' lang='lat' dir='ltr'><strong>Vagls&#39;ert‘).</strong></span> <span class='ocrx_word' id='word_1_105' title='bbox 1413 1503 1448 1513; x_wconf 92' lang='lat'>-</span> <span class='ocrx_word' id='word_1_106' title='bbox 1474 1477 1499 1538; x_wconf 89' lang='lat'><strong>1)</strong></span> <span class='ocrx_word' id='word_1_107' title='bbox 1514 1473 1615 1526; x_wconf 75' lang='lat' dir='ltr'><strong>Seruus</strong></span> 
     </span>
     <span class='ocr_line' id='line_1_12' title="bbox 325 1555 1615 1627; baseline -0.002 -18"><span class='ocrx_word' id='word_1_108' title='bbox 325 1556 419 1619; x_wconf 79' lang='lat' dir='ltr'><strong>suerat</strong></span> <span class='ocrx_word' id='word_1_109' title='bbox 436 1559 745 1627; x_wconf 56' lang='lat' dir='ltr'><strong>miseratamiserata)</strong></span> <span class='ocrx_word' id='word_1_110' title='bbox 762 1559 891 1611; x_wconf 69' lang='lat' dir='ltr'><strong>Pollionis</strong></span> <span class='ocrx_word' id='word_1_111' title='bbox 907 1557 959 1626; x_wconf 72' lang='lat' dir='ltr'><strong>(ofi</strong></span> <span class='ocrx_word' id='word_1_112' title='bbox 977 1575 1061 1625; x_wconf 75' lang='lat' dir='ltr'><strong>supra</strong></span> <span class='ocrx_word' id='word_1_113' title='bbox 1079 1557 1115 1611; x_wconf 88' lang='grc' dir='ltr'><strong>Ν.</strong></span> <span class='ocrx_word' id='word_1_114' title='bbox 1126 1557 1189 1626; x_wconf 80' lang='grc'><strong>409)</strong></span> <span class='ocrx_word' id='word_1_115' title='bbox 1207 1565 1353 1625; x_wconf 74' lang='lat' dir='ltr'><strong>antequam</strong></span> <span class='ocrx_word' id='word_1_116' title='bbox 1369 1563 1401 1610; x_wconf 79' lang='lat' dir='ltr'><strong>in</strong></span> <span class='ocrx_word' id='word_1_117' title='bbox 1417 1574 1514 1611; x_wconf 82' lang='lat' dir='ltr'><strong>nouam</strong></span> <span class='ocrx_word' id='word_1_118' title='bbox 1528 1555 1615 1619; x_wconf 74' lang='lat' dir='ltr'><strong>fami·</strong></span> 
     </span>
     <span class='ocr_line' id='line_1_13' title="bbox 326 1639 1615 1712; baseline 0.002 -19"><span class='ocrx_word' id='word_1_119' title='bbox 326 1643 391 1694; x_wconf 79' lang='lat' dir='ltr'><strong>tium</strong></span> <span class='ocrx_word' id='word_1_120' title='bbox 407 1643 545 1711; x_wconf 51' lang='lat' dir='ltr'><strong>(Annaei</strong></span> <span class='ocrx_word' id='word_1_121' title='bbox 561 1648 619 1696; x_wconf 75' lang='lat' dir='ltr'><strong>sino</strong></span> <span class='ocrx_word' id='word_1_122' title='bbox 636 1644 733 1711; x_wconf 78' lang='lat' dir='ltr'><strong>dubio)</strong></span> <span class='ocrx_word' id='word_1_123' title='bbox 753 1645 915 1712; x_wconf 77' lang='lat' dir='ltr'><strong>perueniret.</strong></span> <span class='ocrx_word' id='word_1_124' title='bbox 950 1644 1140 1697; x_wconf 68' lang='lat' dir='ltr'><strong>aelfstano</strong></span> <span class='ocrx_word' id='word_1_125' title='bbox 1162 1646 1204 1696; x_wconf 72' lang='lat' dir='ltr'><strong>tte</strong></span> <span class='ocrx_word' id='word_1_126' title='bbox 1226 1643 1262 1706; x_wconf 76' lang='lat' dir='ltr'><strong>os.</strong></span> <span class='ocrx_word' id='word_1_127' title='bbox 1281 1646 1364 1696; x_wconf 76' lang='lat' dir='ltr'><strong>stiam</strong></span> <span class='ocrx_word' id='word_1_128' title='bbox 1384 1659 1469 1710; x_wconf 72' lang='lat' dir='ltr'><strong>supra</strong></span> <span class='ocrx_word' id='word_1_129' title='bbox 1488 1639 1521 1697; x_wconf 77' lang='lat' dir='ltr'><strong>Il.</strong></span> <span class='ocrx_word' id='word_1_130' title='bbox 1539 1642 1615 1696; x_wconf 73' lang='lat' dir='ltr'><strong>tata.</strong></span> 
     </span>
     <span class='ocr_line' id='line_1_14' title="bbox 324 1727 1617 1797; baseline 0 -19"><span class='ocrx_word' id='word_1_131' title='bbox 324 1728 402 1783; x_wconf 76' lang='lat'><strong><em>5238.</em></strong></span> <span class='ocrx_word' id='word_1_132' title='bbox 423 1757 457 1767; x_wconf 89' lang='lat'><em>-</em></span> <span class='ocrx_word' id='word_1_133' title='bbox 476 1731 502 1796; x_wconf 97' lang='grc'><strong>2)</strong></span> <span class='ocrx_word' id='word_1_134' title='bbox 519 1730 599 1780; x_wconf 74' lang='lat' dir='ltr'><strong>Alista</strong></span> <span class='ocrx_word' id='word_1_135' title='bbox 613 1745 707 1781; x_wconf 78' lang='lat' dir='ltr'><strong>servus</strong></span> <span class='ocrx_word' id='word_1_136' title='bbox 719 1729 857 1783; x_wconf 75' lang='lat' dir='ltr'><strong>Vedianas</strong></span> <span class='ocrx_word' id='word_1_137' title='bbox 874 1727 981 1782; x_wconf 82' lang='lat' dir='ltr'><strong>scolaria</strong></span> <span class='ocrx_word' id='word_1_138' title='bbox 1000 1731 1081 1796; x_wconf 78' lang='lat' dir='ltr'><strong>prim</strong></span> <span class='ocrx_word' id='word_1_139' title='bbox 1099 1745 1178 1796; x_wconf 84' lang='lat' dir='ltr'><strong>opere</strong></span> <span class='ocrx_word' id='word_1_140' title='bbox 1198 1731 1308 1782; x_wconf 80' lang='lat' dir='ltr'><strong>tectorio</strong></span> <span class='ocrx_word' id='word_1_141' title='bbox 1326 1729 1481 1797; x_wconf 83' lang='lat' dir='ltr'><strong>expoliendo</strong></span> <span class='ocrx_word' id='word_1_142' title='bbox 1498 1735 1525 1781; x_wconf 82' lang='lat' dir='ltr'><strong>et</strong></span> <span class='ocrx_word' id='word_1_143' title='bbox 1541 1729 1617 1796; x_wconf 81' lang='lat' dir='ltr'><strong>pavi-</strong></span> 
     </span>
     <span class='ocr_line' id='line_1_15' title="bbox 325 1813 1552 1881; baseline 0 -17"><span class='ocrx_word' id='word_1_144' title='bbox 325 1821 439 1864; x_wconf 85' lang='lat' dir='ltr'><strong>mentum</strong></span> <span class='ocrx_word' id='word_1_145' title='bbox 459 1813 550 1866; x_wconf 85' lang='lat' dir='ltr'><strong>eodem</strong></span> <span class='ocrx_word' id='word_1_146' title='bbox 569 1814 627 1866; x_wconf 88' lang='lat' dir='ltr'><strong>loeo</strong></span> <span class='ocrx_word' id='word_1_147' title='bbox 645 1815 697 1878; x_wconf 78' lang='lat' dir='ltr'><strong>dle)</strong></span> <span class='ocrx_word' id='word_1_148' title='bbox 714 1817 782 1878; x_wconf 72' lang='lat' dir='ltr'><strong>alum</strong></span> <span class='ocrx_word' id='word_1_149' title='bbox 801 1816 892 1878; x_wconf 79' lang='lat' dir='ltr'><strong>lteos&#39;t),</strong></span> <span class='ocrx_word' id='word_1_150' title='bbox 910 1819 976 1865; x_wconf 82' lang='lat' dir='ltr'><strong>testo</strong></span> <span class='ocrx_word' id='word_1_151' title='bbox 992 1815 1074 1864; x_wconf 72' lang='lat' dir='ltr'><strong>titulo</strong></span> <span class='ocrx_word' id='word_1_152' title='bbox 1093 1815 1131 1865; x_wconf 86' lang='lat' dir='ltr'><strong>Vl</strong></span> <span class='ocrx_word' id='word_1_153' title='bbox 1149 1815 1239 1866; x_wconf 72' lang='lat' dir='ltr'><strong>toan.</strong></span> <span class='ocrx_word' id='word_1_154' title='bbox 1258 1843 1293 1853; x_wconf 90' lang='lat'><strong>—-</strong></span> <span class='ocrx_word' id='word_1_155' title='bbox 1311 1815 1338 1874; x_wconf 83' lang='grc'><strong>3)</strong></span> <span class='ocrx_word' id='word_1_156' title='bbox 1355 1816 1387 1867; x_wconf 81' lang='lat' dir='ltr'><strong>A.</strong></span> <span class='ocrx_word' id='word_1_157' title='bbox 1405 1831 1431 1881; x_wconf 83' lang='lat' dir='ltr'><strong>p.</strong></span> <span class='ocrx_word' id='word_1_158' title='bbox 1451 1813 1511 1865; x_wconf 72' lang='lat' dir='ltr'><strong>cu.</strong></span> <span class='ocrx_word' id='word_1_159' title='bbox 1527 1815 1552 1865; x_wconf 83' lang='lat' dir='ltr'><strong>t.</strong></span> 
     </span>
    </p>
   </div>
   <div class='ocr_carea' id='block_1_8' title="bbox 324 1980 1619 2275">
    <p class='ocr_par' dir='ltr' id='par_1_8' title="bbox 324 1980 1619 2275">
     <span class='ocr_line' id='line_1_16' title="bbox 411 1980 1616 2070; baseline -0.003 -20"><span class='ocrx_word' id='word_1_160' title='bbox 411 1980 498 2052; x_wconf 69' lang='lat'><strong>7869</strong></span> <span class='ocrx_word' id='word_1_161' title='bbox 540 1987 575 2047; x_wconf 95' lang='lat' dir='ltr'><strong>P.</strong></span> <span class='ocrx_word' id='word_1_162' title='bbox 596 1984 728 2048; x_wconf 82' lang='lat' dir='ltr'>Rubrius</span> <span class='ocrx_word' id='word_1_163' title='bbox 751 1985 932 2068; x_wconf 86' lang='lat' dir='ltr'><strong>Trophimus</strong></span> <span class='ocrx_word' id='word_1_164' title='bbox 955 1998 985 2048; x_wconf 86' lang='lat' dir='ltr'><strong>et</strong></span> <span class='ocrx_word' id='word_1_165' title='bbox 1006 1987 1039 2049; x_wconf 89' lang='lat' dir='ltr'><strong>P.</strong></span> <span class='ocrx_word' id='word_1_166' title='bbox 1059 1984 1065 2070; x_wconf 97' lang='grc' dir='ltr'>Ι</span> <span class='ocrx_word' id='word_1_167' title='bbox 1090 1986 1222 2049; x_wconf 78' lang='lat' dir='ltr'><strong>Rubrius</strong></span> <span class='ocrx_word' id='word_1_168' title='bbox 1243 1986 1358 2065; x_wconf 77' lang='lat' dir='ltr'><strong>Agatho</strong></span> <span class='ocrx_word' id='word_1_169' title='bbox 1381 1986 1520 2049; x_wconf 87' lang='lat' dir='ltr'><strong>solarium</strong></span> <span class='ocrx_word' id='word_1_170' title='bbox 1539 1981 1545 2068; x_wconf 97' lang='grc' dir='ltr'>Ι</span> <span class='ocrx_word' id='word_1_171' title='bbox 1565 2003 1616 2046; x_wconf 89' lang='lat' dir='ltr'><strong>re·</strong></span> 
     </span>
     <span class='ocr_line' id='line_1_17' title="bbox 325 2082 1618 2172; baseline 0.001 -26"><span class='ocrx_word' id='word_1_172' title='bbox 325 2087 464 2147; x_wconf 79' lang='lat' dir='ltr'><strong>lecerunt</strong></span> <span class='ocrx_word' id='word_1_173' title='bbox 480 2097 510 2148; x_wconf 85' lang='lat' dir='ltr'><strong>st</strong></span> <span class='ocrx_word' id='word_1_174' title='bbox 524 2087 719 2149; x_wconf 79' lang='lat' dir='ltr'><strong>vermiculum</strong></span> <span class='ocrx_word' id='word_1_175' title='bbox 738 2082 744 2167; x_wconf 95' lang='grc' dir='ltr'>Ι</span> <span class='ocrx_word' id='word_1_176' title='bbox 762 2098 942 2164; x_wconf 79' lang='lat' dir='ltr'><strong>straverunt,</strong></span> <span class='ocrx_word' id='word_1_177' title='bbox 965 2090 1037 2152; x_wconf 88' lang='lat' dir='ltr'><strong>item</strong></span> <span class='ocrx_word' id='word_1_178' title='bbox 1051 2088 1254 2169; x_wconf 84' lang='lat' dir='ltr'><strong>pavimentum</strong></span> <span class='ocrx_word' id='word_1_179' title='bbox 1274 2088 1280 2172; x_wconf 95' lang='grc' dir='ltr'>Ι</span> <span class='ocrx_word' id='word_1_180' title='bbox 1299 2089 1427 2170; x_wconf 82' lang='lat' dir='ltr'><strong>spinam¹</strong></span> <span class='ocrx_word' id='word_1_181' title='bbox 1448 2099 1618 2150; x_wconf 70' lang='lat' dir='ltr'><strong>straverat</strong></span> 
     </span>
     <span class='ocr_line' id='line_1_18' title="bbox 324 2184 1619 2275; baseline 0 -25"><span class='ocrx_word' id='word_1_182' title='bbox 324 2187 427 2250; x_wconf 85' lang='lat' dir='ltr'><strong>sedilia</strong></span> <span class='ocrx_word' id='word_1_183' title='bbox 446 2184 452 2269; x_wconf 93' lang='grc' dir='ltr'>Ι</span> <span class='ocrx_word' id='word_1_184' title='bbox 472 2188 660 2250; x_wconf 82' lang='lat' dir='ltr'><strong>circumitum</strong></span> <span class='ocrx_word' id='word_1_185' title='bbox 684 2191 857 2252; x_wconf 88' lang='lat' dir='ltr'><strong>releoeruut</strong></span> <span class='ocrx_word' id='word_1_186' title='bbox 879 2192 1096 2272; x_wconf 70' lang='lat' dir='ltr'><strong>inpensam,</strong></span> <span class='ocrx_word' id='word_1_187' title='bbox 1122 2187 1128 2275; x_wconf 97' lang='grc' dir='ltr'>Ι</span> <span class='ocrx_word' id='word_1_188' title='bbox 1154 2189 1187 2252; x_wconf 91' lang='lat' dir='ltr'><strong>L.</strong></span> <span class='ocrx_word' id='word_1_189' title='bbox 1211 2192 1309 2255; x_wconf 90' lang='lat' dir='ltr'><strong>Nouio</strong></span> <span class='ocrx_word' id='word_1_190' title='bbox 1331 2192 1482 2271; x_wconf 77' lang='lat' dir='ltr'><strong>Torquato</strong></span> <span class='ocrx_word' id='word_1_191' title='bbox 1504 2191 1619 2270; x_wconf 77' lang='lat' dir='ltr'><strong>Aspre·</strong></span> 
     </span>
    </p>
   </div>
   <div class='ocr_carea' id='block_1_9' title="bbox 325 2290 1620 2628">
    <p class='ocr_par' dir='ltr' id='par_1_9' title="bbox 326 2290 991 2372">
     <span class='ocr_line' id='line_1_19' title="bbox 326 2290 991 2372; baseline 0.008 -21"><span class='ocrx_word' id='word_1_192' title='bbox 326 2300 405 2366; x_wconf 86' lang='lat' dir='ltr'><strong>nate,</strong></span> <span class='ocrx_word' id='word_1_193' title='bbox 424 2290 430 2372; x_wconf 93' lang='grc' dir='ltr'>Ι</span> <span class='ocrx_word' id='word_1_194' title='bbox 451 2290 485 2355; x_wconf 88' lang='grc' dir='ltr'><strong>Τ.</strong></span> <span class='ocrx_word' id='word_1_195' title='bbox 500 2291 601 2353; x_wconf 85' lang='lat' dir='ltr'><strong>Sextio</strong></span> <span class='ocrx_word' id='word_1_196' title='bbox 624 2291 721 2371; x_wconf 80' lang='lat' dir='ltr'><strong>Magio</strong></span> <span class='ocrx_word' id='word_1_197' title='bbox 744 2291 892 2354; x_wconf 85' lang='lat' dir='ltr'><strong>Laterano</strong></span> <span class='ocrx_word' id='word_1_198' title='bbox 915 2295 991 2356; x_wconf 87' lang='lat' dir='ltr'><strong>oos.²</strong></span> 
     </span>
    </p>

    <p class='ocr_par' dir='ltr' id='par_1_10' title="bbox 325 2389 1620 2544">
     <span class='ocr_line' id='line_1_20' title="bbox 410 2389 1620 2462; baseline -0.001 -19"><span class='ocrx_word' id='word_1_199' title='bbox 410 2389 524 2456; x_wconf 77' lang='lat' dir='ltr'><strong>llonsas,</strong></span> <span class='ocrx_word' id='word_1_200' title='bbox 545 2395 679 2444; x_wconf 76' lang='lat' dir='ltr'><strong>insertum</strong></span> <span class='ocrx_word' id='word_1_201' title='bbox 697 2409 750 2458; x_wconf 87' lang='lat' dir='ltr'><strong>quo</strong></span> <span class='ocrx_word' id='word_1_202' title='bbox 768 2394 827 2444; x_wconf 81' lang='lat' dir='ltr'><strong>loeo</strong></span> <span class='ocrx_word' id='word_1_203' title='bbox 845 2395 922 2444; x_wconf 78' lang='lat' dir='ltr'><strong>erote</strong></span> <span class='ocrx_word' id='word_1_204' title='bbox 936 2410 994 2461; x_wconf 78' lang='lat' dir='ltr'><strong>rap.</strong></span> <span class='ocrx_word' id='word_1_205' title='bbox 1012 2394 1066 2462; x_wconf 82' lang='lat' dir='ltr'><strong>(VI</strong></span> <span class='ocrx_word' id='word_1_206' title='bbox 1080 2394 1169 2448; x_wconf 73' lang='lat' dir='ltr'><strong>25an</strong></span> <span class='ocrx_word' id='word_1_207' title='bbox 1185 2393 1256 2446; x_wconf 71' lang='lat' dir='ltr'><strong>vadat</strong></span> <span class='ocrx_word' id='word_1_208' title='bbox 1269 2394 1399 2455; x_wconf 74' lang='lat' dir='ltr'><strong>amun).</strong></span> <span class='ocrx_word' id='word_1_209' title='bbox 1417 2419 1453 2429; x_wconf 90' lang='lat'>-</span> <span class='ocrx_word' id='word_1_210' title='bbox 1472 2395 1495 2456; x_wconf 85' lang='grc'><strong>1)</strong></span> <span class='ocrx_word' id='word_1_211' title='bbox 1513 2389 1554 2451; x_wconf 82' lang='lat' dir='ltr'><strong>cf.</strong></span> <span class='ocrx_word' id='word_1_212' title='bbox 1570 2391 1620 2441; x_wconf 80' lang='lat' dir='ltr'><strong>Vt-</strong></span> 
     </span>
     <span class='ocr_line' id='line_1_21' title="bbox 325 2476 710 2544; baseline 0.01 -18"><span class='ocrx_word' id='word_1_213' title='bbox 325 2479 397 2530; x_wconf 83' lang='lat' dir='ltr'><strong>truv.</strong></span> <span class='ocrx_word' id='word_1_214' title='bbox 409 2477 434 2540; x_wconf 80' lang='lat' dir='ltr'><strong>t,</strong></span> <span class='ocrx_word' id='word_1_215' title='bbox 445 2476 506 2541; x_wconf 66' lang='grc' dir='ltr'><strong>Μ.</strong></span> <span class='ocrx_word' id='word_1_216' title='bbox 523 2505 557 2516; x_wconf 94' lang='grc'><strong>-</strong></span> <span class='ocrx_word' id='word_1_217' title='bbox 576 2479 603 2544; x_wconf 87' lang='grc'><strong>2)</strong></span> <span class='ocrx_word' id='word_1_218' title='bbox 619 2479 653 2530; x_wconf 90' lang='grc' dir='ltr'><strong>Α.</strong></span> <span class='ocrx_word' id='word_1_219' title='bbox 669 2481 710 2532; x_wconf 73' lang='grc'><strong>96.</strong></span> 
     </span>
    </p>

    <p class='ocr_par' dir='ltr' id='par_1_11' title="bbox 411 2562 1280 2628">
     <span class='ocr_line' id='line_1_22' title="bbox 411 2562 1280 2628; baseline -0.001 -16"><span class='ocrx_word' id='word_1_220' title='bbox 411 2563 457 2612; x_wconf 75' lang='lat' dir='ltr'><strong>Aet</strong></span> <span class='ocrx_word' id='word_1_221' title='bbox 471 2562 543 2613; x_wconf 81' lang='lat' dir='ltr'><strong>idem</strong></span> <span class='ocrx_word' id='word_1_222' title='bbox 559 2563 712 2628; x_wconf 77' lang='lat' dir='ltr'><strong>aspector-um</strong></span> <span class='ocrx_word' id='word_1_223' title='bbox 729 2565 857 2615; x_wconf 78' lang='lat' dir='ltr'><strong>uidentur</strong></span> <span class='ocrx_word' id='word_1_224' title='bbox 873 2567 1037 2627; x_wconf 73' lang='lat' dir='ltr'><strong>partiuntur</strong></span> <span class='ocrx_word' id='word_1_225' title='bbox 1057 2562 1097 2614; x_wconf 84' lang='lat' dir='ltr'><strong>Vl</strong></span> <span class='ocrx_word' id='word_1_226' title='bbox 1111 2565 1188 2615; x_wconf 74' lang='lat' dir='ltr'><strong>tate.</strong></span> <span class='ocrx_word' id='word_1_227' title='bbox 1204 2563 1280 2614; x_wconf 76' lang='lat' dir='ltr'><strong>sata.</strong></span> 
     </span>
    </p>
   </div>
   <div class='ocr_carea' id='block_1_10' title="bbox 325 2733 1621 4658">
    <p class='ocr_par' dir='ltr' id='par_1_12' title="bbox 325 2733 1621 3827">
     <span class='ocr_line' id='line_1_23' title="bbox 412 2733 1619 2826; baseline -0.008 -20"><span class='ocrx_word' id='word_1_228' title='bbox 412 2733 499 2806; x_wconf 72' lang='lat'><strong>7870</strong></span> <span class='ocrx_word' id='word_1_229' title='bbox 527 2738 561 2799; x_wconf 90' lang='grc' dir='ltr'><strong>Τ.</strong></span> <span class='ocrx_word' id='word_1_230' title='bbox 573 2738 608 2799; x_wconf 89' lang='grc' dir='ltr'><strong>Τ.</strong></span> <span class='ocrx_word' id='word_1_231' title='bbox 624 2738 740 2802; x_wconf 82' lang='lat' dir='ltr'><strong>Cocceii</strong></span> <span class='ocrx_word' id='word_1_232' title='bbox 757 2739 816 2802; x_wconf 87' lang='lat' dir='ltr'><strong>Gaa</strong></span> <span class='ocrx_word' id='word_1_233' title='bbox 832 2751 863 2802; x_wconf 89' lang='lat' dir='ltr'><strong>et</strong></span> <span class='ocrx_word' id='word_1_234' title='bbox 881 2737 887 2826; x_wconf 97' lang='grc' dir='ltr'>Ι</span> <span class='ocrx_word' id='word_1_235' title='bbox 908 2741 1037 2813; x_wconf 83' lang='lat' dir='ltr'><strong>Patiens,</strong></span> <span class='ocrx_word' id='word_1_236' title='bbox 1052 2749 1167 2819; x_wconf 85' lang='lat' dir='ltr'><strong>quaest.</strong></span> <span class='ocrx_word' id='word_1_237' title='bbox 1182 2739 1250 2813; x_wconf 85' lang='lat' dir='ltr'><strong>lll¹‚</strong></span> <span class='ocrx_word' id='word_1_238' title='bbox 1269 2738 1274 2822; x_wconf 93' lang='grc' dir='ltr'>Ι</span> <span class='ocrx_word' id='word_1_239' title='bbox 1294 2755 1428 2800; x_wconf 89' lang='lat' dir='ltr'><strong>mensam</strong></span> <span class='ocrx_word' id='word_1_240' title='bbox 1444 2737 1619 2817; x_wconf 80' lang='lat' dir='ltr'><strong>quadratam</strong></span> 
     </span>
     <span class='ocr_line' id='line_1_24' title="bbox 326 2837 1621 2926; baseline -0.001 -27"><span class='ocrx_word' id='word_1_241' title='bbox 326 2839 357 2900; x_wconf 91' lang='lat' dir='ltr'><strong>in</strong></span> <span class='ocrx_word' id='word_1_242' title='bbox 382 2839 514 2914; x_wconf 78' lang='lat' dir='ltr'><strong>trichil.⁸‚</strong></span> <span class='ocrx_word' id='word_1_243' title='bbox 534 2837 539 2922; x_wconf 94' lang='grc' dir='ltr'>Ι</span> <span class='ocrx_word' id='word_1_244' title='bbox 559 2839 685 2903; x_wconf 79' lang='lat' dir='ltr'><strong>abacum</strong></span> <span class='ocrx_word' id='word_1_245' title='bbox 707 2860 774 2904; x_wconf 90' lang='lat' dir='ltr'><strong>oum</strong></span> <span class='ocrx_word' id='word_1_246' title='bbox 797 2842 871 2919; x_wconf 85' lang='lat' dir='ltr'><strong>basi,</strong></span> <span class='ocrx_word' id='word_1_247' title='bbox 893 2843 1094 2921; x_wconf 84' lang='lat' dir='ltr'><strong>horologium,</strong></span> <span class='ocrx_word' id='word_1_248' title='bbox 1115 2838 1120 2926; x_wconf 98' lang='grc' dir='ltr'>Ι</span> <span class='ocrx_word' id='word_1_249' title='bbox 1140 2842 1256 2903; x_wconf 89' lang='lat' dir='ltr'><strong>labrum</strong></span> <span class='ocrx_word' id='word_1_250' title='bbox 1280 2859 1350 2903; x_wconf 90' lang='lat' dir='ltr'><strong>eum</strong></span> <span class='ocrx_word' id='word_1_251' title='bbox 1365 2839 1517 2903; x_wconf 79' lang='lat' dir='ltr'><strong>fulmentis</strong></span> <span class='ocrx_word' id='word_1_252' title='bbox 1537 2857 1621 2900; x_wconf 89' lang='lat' dir='ltr'><strong>mar-</strong></span> 
     </span>
     <span class='ocr_line' id='line_1_25' title="bbox 326 2937 1618 3026; baseline 0.002 -25"><span class='ocrx_word' id='word_1_253' title='bbox 326 2958 412 3015; x_wconf 67' lang='lat' dir='ltr'><strong>mor„</strong></span> <span class='ocrx_word' id='word_1_254' title='bbox 442 2937 448 3024; x_wconf 96' lang='grc' dir='ltr'>Ι</span> <span class='ocrx_word' id='word_1_255' title='bbox 478 2943 678 3021; x_wconf 65' lang='grc' dir='ltr'><strong>ριηίαῐερῑο),</strong></span> <span class='ocrx_word' id='word_1_256' title='bbox 706 2955 821 3006; x_wconf 86' lang='lat' dir='ltr'><strong>crustas</strong></span> <span class='ocrx_word' id='word_1_257' title='bbox 842 2962 933 3025; x_wconf 88' lang='lat' dir='ltr'><strong>supra</strong></span> <span class='ocrx_word' id='word_1_258' title='bbox 955 2946 1099 3026; x_wconf 88' lang='lat' dir='ltr'><strong>parietem</strong></span> <span class='ocrx_word' id='word_1_259' title='bbox 1130 2941 1136 3026; x_wconf 93' lang='grc' dir='ltr'>Ι</span> <span class='ocrx_word' id='word_1_260' title='bbox 1165 2944 1281 3007; x_wconf 88' lang='lat' dir='ltr'><strong>itineris</strong></span> <span class='ocrx_word' id='word_1_261' title='bbox 1303 2945 1381 3007; x_wconf 87' lang='lat' dir='ltr'><strong>medi</strong></span> <span class='ocrx_word' id='word_1_262' title='bbox 1408 2962 1476 3006; x_wconf 89' lang='lat' dir='ltr'><strong>oum</strong></span> <span class='ocrx_word' id='word_1_263' title='bbox 1497 2942 1618 3022; x_wconf 78' lang='lat' dir='ltr'><strong>tegulis,</strong></span> 
     </span>
     <span class='ocr_line' id='line_1_26' title="bbox 325 3041 1619 3130; baseline 0.002 -27"><span class='ocrx_word' id='word_1_264' title='bbox 325 3041 524 3126; x_wconf 74' lang='lat' dir='ltr'><strong>columelllam</strong></span> <span class='ocrx_word' id='word_1_265' title='bbox 554 3047 610 3107; x_wconf 89' lang='lat' dir='ltr'><strong>sub</strong></span> <span class='ocrx_word' id='word_1_266' title='bbox 639 3046 796 3126; x_wconf 78' lang='lat' dir='ltr'><strong>horologio</strong></span> <span class='ocrx_word' id='word_1_267' title='bbox 820 3046 978 3110; x_wconf 83' lang='lat' dir='ltr'><strong>Tiburtina</strong></span> <span class='ocrx_word' id='word_1_268' title='bbox 1002 3053 1097 3122; x_wconf 60' lang='lat' dir='ltr'><strong>toto)</strong></span> <span class='ocrx_word' id='word_1_269' title='bbox 1128 3047 1329 3130; x_wconf 69' lang='lat' dir='ltr'><strong>{protectum</strong></span> <span class='ocrx_word' id='word_1_270' title='bbox 1359 3056 1429 3108; x_wconf 89' lang='lat' dir='ltr'><strong>ante</strong></span> <span class='ocrx_word' id='word_1_271' title='bbox 1457 3044 1619 3126; x_wconf 80' lang='lat' dir='ltr'><strong>porticum,</strong></span> 
     </span>
     <span class='ocr_line' id='line_1_27' title="bbox 326 3141 1620 3235; baseline 0.003 -31"><span class='ocrx_word' id='word_1_272' title='bbox 326 3141 479 3223; x_wconf 75' lang='lat' dir='ltr'><strong>trutilnam</strong></span> <span class='ocrx_word' id='word_1_273' title='bbox 503 3154 534 3207; x_wconf 90' lang='lat' dir='ltr'><strong>et</strong></span> <span class='ocrx_word' id='word_1_274' title='bbox 554 3146 717 3228; x_wconf 82' lang='lat' dir='ltr'><strong>pondera³‚</strong></span> <span class='ocrx_word' id='word_1_275' title='bbox 740 3148 768 3209; x_wconf 89' lang='lat' dir='ltr'><strong>d.</strong></span> <span class='ocrx_word' id='word_1_276' title='bbox 785 3149 813 3210; x_wconf 86' lang='lat' dir='ltr'><strong>d.</strong></span> <span class='ocrx_word' id='word_1_277' title='bbox 828 3149 865 3212; x_wconf 82' lang='lat' dir='ltr'><strong>s.⁴</strong></span> <span class='ocrx_word' id='word_1_278' title='bbox 886 3161 1055 3230; x_wconf 89' lang='lat' dir='ltr'><strong>posuerunt</strong></span> <span class='ocrx_word' id='word_1_279' title='bbox 1073 3146 1078 3235; x_wconf 96' lang='grc' dir='ltr'>Ι</span> <span class='ocrx_word' id='word_1_280' title='bbox 1098 3160 1128 3213; x_wconf 87' lang='lat' dir='ltr'><strong>et</strong></span> <span class='ocrx_word' id='word_1_281' title='bbox 1149 3151 1248 3212; x_wconf 90' lang='lat' dir='ltr'><strong>looum</strong></span> <span class='ocrx_word' id='word_1_282' title='bbox 1270 3159 1340 3230; x_wconf 88' lang='lat' dir='ltr'><strong>post</strong></span> <span class='ocrx_word' id='word_1_283' title='bbox 1362 3147 1518 3210; x_wconf 83' lang='lat' dir='ltr'><strong>maceriam</strong></span> <span class='ocrx_word' id='word_1_284' title='bbox 1541 3146 1620 3208; x_wconf 89' lang='lat' dir='ltr'><strong>ulte·</strong></span> 
     </span>
     <span class='ocr_line' id='line_1_28' title="bbox 326 3245 1619 3338; baseline 0.005 -33"><span class='ocrx_word' id='word_1_285' title='bbox 326 3245 437 3308; x_wconf 86' lang='lat' dir='ltr'><strong>riorem</strong></span> <span class='ocrx_word' id='word_1_286' title='bbox 457 3245 462 3330; x_wconf 94' lang='grc' dir='ltr'>Ι</span> <span class='ocrx_word' id='word_1_287' title='bbox 483 3250 643 3312; x_wconf 89' lang='lat' dir='ltr'><strong>emendum</strong></span> <span class='ocrx_word' id='word_1_288' title='bbox 665 3251 857 3332; x_wconf 89' lang='lat' dir='ltr'><strong>ustrinasque</strong></span> <span class='ocrx_word' id='word_1_289' title='bbox 878 3252 915 3314; x_wconf 86' lang='lat' dir='ltr'><strong>de</strong></span> <span class='ocrx_word' id='word_1_290' title='bbox 937 3263 1099 3334; x_wconf 83' lang='lat' dir='ltr'><strong>consaepto</strong></span> <span class='ocrx_word' id='word_1_291' title='bbox 1119 3250 1124 3338; x_wconf 95' lang='grc' dir='ltr'>Ι</span> <span class='ocrx_word' id='word_1_292' title='bbox 1150 3252 1255 3314; x_wconf 72' lang='lat' dir='ltr'><strong>ultim</strong></span> <span class='ocrx_word' id='word_1_293' title='bbox 1278 3251 1310 3313; x_wconf 92' lang='lat' dir='ltr'><strong>in</strong></span> <span class='ocrx_word' id='word_1_294' title='bbox 1332 3269 1401 3313; x_wconf 89' lang='lat' dir='ltr'><strong>eum</strong></span> <span class='ocrx_word' id='word_1_295' title='bbox 1425 3251 1525 3312; x_wconf 86' lang='lat' dir='ltr'><strong>locum</strong></span> <span class='ocrx_word' id='word_1_296' title='bbox 1545 3248 1619 3310; x_wconf 89' lang='lat' dir='ltr'><strong>trai-</strong></span> 
     </span>
     <span class='ocr_line' id='line_1_29' title="bbox 327 3346 1620 3438; baseline 0.002 -30"><span class='ocrx_word' id='word_1_297' title='bbox 327 3346 462 3424; x_wconf 87' lang='lat' dir='ltr'><strong>oiendas‚</strong></span> <span class='ocrx_word' id='word_1_298' title='bbox 494 3359 525 3412; x_wconf 87' lang='lat' dir='ltr'><strong>et</strong></span> <span class='ocrx_word' id='word_1_299' title='bbox 553 3346 559 3433; x_wconf 95' lang='grc' dir='ltr'>Ι</span> <span class='ocrx_word' id='word_1_300' title='bbox 588 3352 646 3414; x_wconf 85' lang='lat' dir='ltr'><strong>iter</strong></span> <span class='ocrx_word' id='word_1_301' title='bbox 667 3354 703 3416; x_wconf 89' lang='lat' dir='ltr'><strong>ad</strong></span> <span class='ocrx_word' id='word_1_302' title='bbox 726 3373 795 3416; x_wconf 89' lang='lat' dir='ltr'><strong>eum</strong></span> <span class='ocrx_word' id='word_1_303' title='bbox 818 3355 917 3417; x_wconf 88' lang='lat' dir='ltr'><strong>locum</strong></span> <span class='ocrx_word' id='word_1_304' title='bbox 940 3356 1121 3436; x_wconf 88' lang='lat' dir='ltr'><strong>ianuamque</strong></span> <span class='ocrx_word' id='word_1_305' title='bbox 1143 3351 1301 3438; x_wconf 73' lang='lat' dir='ltr'><strong>beneltloio</strong></span> <span class='ocrx_word' id='word_1_306' title='bbox 1325 3364 1355 3416; x_wconf 89' lang='lat' dir='ltr'><strong>et</strong></span> <span class='ocrx_word' id='word_1_307' title='bbox 1375 3353 1550 3416; x_wconf 87' lang='lat' dir='ltr'><strong>liberalitate</strong></span> <span class='ocrx_word' id='word_1_308' title='bbox 1571 3348 1620 3412; x_wconf 71' lang='grc' dir='ltr'><strong>Τ.’</strong></span> 
     </span>
     <span class='ocr_line' id='line_1_30' title="bbox 327 3449 1616 3542; baseline 0.004 -33"><span class='ocrx_word' id='word_1_309' title='bbox 327 3452 446 3529; x_wconf 81' lang='lat' dir='ltr'><strong>patroni</strong></span> <span class='ocrx_word' id='word_1_310' title='bbox 469 3451 614 3537; x_wconf 78' lang='lat' dir='ltr'><strong>lacileuda</strong></span> <span class='ocrx_word' id='word_1_311' title='bbox 639 3467 829 3520; x_wconf 79' lang='lat' dir='ltr'><strong>curaverunt</strong></span> <span class='ocrx_word' id='word_1_312' title='bbox 850 3456 855 3542; x_wconf 93' lang='grc' dir='ltr'>Ι</span> <span class='ocrx_word' id='word_1_313' title='bbox 925 3458 1067 3538; x_wconf 88' lang='lat' dir='ltr'><strong>ldsmque</strong></span> <span class='ocrx_word' id='word_1_314' title='bbox 1088 3458 1191 3520; x_wconf 85' lang='lat' dir='ltr'><strong>vitium</strong></span> <span class='ocrx_word' id='word_1_315' title='bbox 1215 3475 1406 3538; x_wconf 89' lang='lat' dir='ltr'><strong>pomorumq.</strong></span> <span class='ocrx_word' id='word_1_316' title='bbox 1429 3465 1459 3516; x_wconf 87' lang='lat' dir='ltr'><strong>et</strong></span> <span class='ocrx_word' id='word_1_317' title='bbox 1480 3449 1616 3536; x_wconf 75' lang='lat' dir='ltr'><strong>lloruml</strong></span> 
     </span>
     <span class='ocr_line' id='line_1_31' title="bbox 326 3551 1617 3641; baseline 0.005 -30"><span class='ocrx_word' id='word_1_318' title='bbox 326 3551 524 3633; x_wconf 87' lang='lat' dir='ltr'><strong>viridiumque</strong></span> <span class='ocrx_word' id='word_1_319' title='bbox 547 3557 682 3620; x_wconf 91' lang='lat' dir='ltr'><strong>omnium</strong></span> <span class='ocrx_word' id='word_1_320' title='bbox 704 3577 849 3639; x_wconf 78' lang='lat' dir='ltr'><strong>generum</strong></span> <span class='ocrx_word' id='word_1_321' title='bbox 870 3557 875 3641; x_wconf 94' lang='grc' dir='ltr'>Ι</span> <span class='ocrx_word' id='word_1_322' title='bbox 894 3561 1059 3623; x_wconf 87' lang='lat' dir='ltr'><strong>seminibus</strong></span> <span class='ocrx_word' id='word_1_323' title='bbox 1082 3579 1116 3623; x_wconf 85' lang='lat' dir='ltr'><strong>ea</strong></span> <span class='ocrx_word' id='word_1_324' title='bbox 1138 3561 1219 3635; x_wconf 85' lang='lat' dir='ltr'><strong>loca,</strong></span> <span class='ocrx_word' id='word_1_325' title='bbox 1246 3579 1322 3641; x_wconf 88' lang='lat' dir='ltr'><strong>quae</strong></span> <span class='ocrx_word' id='word_1_326' title='bbox 1344 3559 1380 3621; x_wconf 98' lang='grc' dir='ltr'><strong>Τ.</strong></span> <span class='ocrx_word' id='word_1_327' title='bbox 1402 3557 1445 3639; x_wconf 69' lang='grc' dir='ltr'><strong>μ’</strong></span> <span class='ocrx_word' id='word_1_328' title='bbox 1467 3555 1617 3638; x_wconf 80' lang='lat' dir='ltr'><strong>decurilo-</strong></span> 
     </span>
     <span class='ocr_line' id='line_1_32' title="bbox 328 3653 1619 3746; baseline 0.004 -32"><span class='ocrx_word' id='word_1_329' title='bbox 328 3653 417 3716; x_wconf 87' lang='lat' dir='ltr'><strong>nibus</strong></span> <span class='ocrx_word' id='word_1_330' title='bbox 438 3656 500 3719; x_wconf 85' lang='lat' dir='ltr'><strong>suis</strong></span> <span class='ocrx_word' id='word_1_331' title='bbox 518 3657 709 3734; x_wconf 85' lang='lat' dir='ltr'><strong>adtribuerat,</strong></span> <span class='ocrx_word' id='word_1_332' title='bbox 733 3680 768 3723; x_wconf 84' lang='lat' dir='ltr'><strong>ex</strong></span> <span class='ocrx_word' id='word_1_333' title='bbox 791 3660 930 3746; x_wconf 75' lang='lat' dir='ltr'><strong>peoulnia</strong></span> <span class='ocrx_word' id='word_1_334' title='bbox 953 3663 1073 3743; x_wconf 88' lang='lat' dir='ltr'><strong>publica</strong></span> <span class='ocrx_word' id='word_1_335' title='bbox 1095 3663 1327 3737; x_wconf 79' lang='lat' dir='ltr'><strong>adornaverunt,</strong></span> <span class='ocrx_word' id='word_1_336' title='bbox 1346 3659 1354 3745; x_wconf 95' lang='grc' dir='ltr'>Ι</span> <span class='ocrx_word' id='word_1_337' title='bbox 1373 3660 1501 3723; x_wconf 80' lang='lat' dir='ltr'><strong>Sisenna</strong></span> <span class='ocrx_word' id='word_1_338' title='bbox 1517 3658 1619 3720; x_wconf 86' lang='lat' dir='ltr'><strong>&#39;lauro</strong></span> 
     </span>
     <span class='ocr_line' id='line_1_33' title="bbox 327 3755 780 3827; baseline 0.026 -11"><span class='ocrx_word' id='word_1_339' title='bbox 327 3755 361 3817; x_wconf 88' lang='lat' dir='ltr'><strong>L.</strong></span> <span class='ocrx_word' id='word_1_340' title='bbox 384 3755 543 3820; x_wconf 81' lang='lat' dir='ltr'><strong>Scribonio</strong></span> <span class='ocrx_word' id='word_1_341' title='bbox 566 3762 683 3826; x_wconf 84' lang='lat' dir='ltr'><strong>Libone</strong></span> <span class='ocrx_word' id='word_1_342' title='bbox 706 3765 780 3827; x_wconf 82' lang='lat' dir='ltr'><strong>cos.⁷</strong></span> 
     </span>
    </p>

    <p class='ocr_par' dir='ltr' id='par_1_13' title="bbox 524 3862 1326 3949">
     <span class='ocr_line' id='line_1_34' title="bbox 524 3862 1326 3949; baseline 0.007 -26"><span class='ocrx_word' id='word_1_343' title='bbox 524 3862 682 3942; x_wconf 86' lang='lat' dir='ltr'><strong>lmpeosae</strong></span> <span class='ocrx_word' id='word_1_344' title='bbox 703 3885 831 3942; x_wconf 81' lang='lat' dir='ltr'><strong>oausam,</strong></span> <span class='ocrx_word' id='word_1_345' title='bbox 853 3868 972 3931; x_wconf 89' lang='lat' dir='ltr'><strong>titulum</strong></span> <span class='ocrx_word' id='word_1_346' title='bbox 995 3867 1047 3949; x_wconf 91' lang='lat' dir='ltr'><strong>qui</strong></span> <span class='ocrx_word' id='word_1_347' title='bbox 1069 3867 1209 3949; x_wconf 76' lang='lat' dir='ltr'><strong>perlegis,</strong></span> <span class='ocrx_word' id='word_1_348' title='bbox 1232 3867 1301 3929; x_wconf 89' lang='lat' dir='ltr'><strong>audi</strong></span> <span class='ocrx_word' id='word_1_349' title='bbox 1320 3863 1326 3948; x_wconf 99' lang='grc' dir='ltr'>Ι</span> 
     </span>
    </p>

    <p class='ocr_par' dir='ltr' id='par_1_14' title="bbox 523 3966 1281 4053">
     <span class='ocr_line' id='line_1_35' title="bbox 523 3966 1281 4053; baseline 0.008 -28"><span class='ocrx_word' id='word_1_350' title='bbox 523 3975 554 4026; x_wconf 88' lang='lat' dir='ltr'><strong>et</strong></span> <span class='ocrx_word' id='word_1_351' title='bbox 574 3966 691 4043; x_wconf 84' lang='lat' dir='ltr'><strong>iustam,</strong></span> <span class='ocrx_word' id='word_1_352' title='bbox 715 3987 837 4048; x_wconf 85' lang='lat' dir='ltr'><strong>quaeso,</strong></span> <span class='ocrx_word' id='word_1_353' title='bbox 859 3969 977 4051; x_wconf 89' lang='lat' dir='ltr'><strong>pietatis</strong></span> <span class='ocrx_word' id='word_1_354' title='bbox 998 3971 1121 4050; x_wconf 86' lang='lat' dir='ltr'><strong>percipe</strong></span> <span class='ocrx_word' id='word_1_355' title='bbox 1142 3988 1256 4032; x_wconf 86' lang='lat' dir='ltr'><strong>euram.</strong></span> <span class='ocrx_word' id='word_1_356' title='bbox 1275 3968 1281 4053; x_wconf 95' lang='grc' dir='ltr'>Ι</span> 
     </span>
    </p>

    <p class='ocr_par' dir='ltr' id='par_1_15' title="bbox 522 4066 1412 4153">
     <span class='ocr_line' id='line_1_36' title="bbox 522 4066 1412 4153; baseline 0.008 -26"><span class='ocrx_word' id='word_1_357' title='bbox 522 4066 596 4137; x_wconf 85' lang='lat' dir='ltr'><strong>Quis</strong></span> <span class='ocrx_word' id='word_1_358' title='bbox 618 4087 696 4145; x_wconf 85' lang='lat' dir='ltr'><strong>vera,</strong></span> <span class='ocrx_word' id='word_1_359' title='bbox 718 4081 752 4132; x_wconf 87' lang='lat' dir='ltr'><strong>ut</strong></span> <span class='ocrx_word' id='word_1_360' title='bbox 774 4072 898 4151; x_wconf 82' lang='lat' dir='ltr'><strong>cupiant</strong></span> <span class='ocrx_word' id='word_1_361' title='bbox 919 4073 1071 4136; x_wconf 85' lang='lat' dir='ltr'><strong>concorde</strong></span> <span class='ocrx_word' id='word_1_362' title='bbox 1092 4073 1201 4149; x_wconf 87' lang='lat' dir='ltr'><strong>vivere,</strong></span> <span class='ocrx_word' id='word_1_363' title='bbox 1224 4091 1311 4135; x_wconf 88' lang='lat' dir='ltr'><strong>meus</strong></span> <span class='ocrx_word' id='word_1_364' title='bbox 1332 4080 1388 4145; x_wconf 72' lang='lat' dir='ltr'><strong>est,</strong></span> <span class='ocrx_word' id='word_1_365' title='bbox 1407 4067 1412 4153; x_wconf 94' lang='grc' dir='ltr'>Ι</span> 
     </span>
    </p>

    <p class='ocr_par' dir='ltr' id='par_1_16' title="bbox 495 4168 1436 4359">
     <span class='ocr_line' id='line_1_37' title="bbox 523 4168 1436 4256; baseline 0.004 -26"><span class='ocrx_word' id='word_1_366' title='bbox 523 4168 579 4232; x_wconf 87' lang='lat' dir='ltr'><strong>hos</strong></span> <span class='ocrx_word' id='word_1_367' title='bbox 601 4171 717 4235; x_wconf 87' lang='lat' dir='ltr'><strong>animos</strong></span> <span class='ocrx_word' id='word_1_368' title='bbox 738 4184 876 4252; x_wconf 84' lang='lat' dir='ltr'><strong>spectent</strong></span> <span class='ocrx_word' id='word_1_369' title='bbox 896 4183 958 4254; x_wconf 86' lang='lat' dir='ltr'><strong>atq.</strong></span> <span class='ocrx_word' id='word_1_370' title='bbox 980 4176 1053 4237; x_wconf 88' lang='lat' dir='ltr'><strong>haee</strong></span> <span class='ocrx_word' id='word_1_371' title='bbox 1076 4175 1213 4256; x_wconf 83' lang='lat' dir='ltr'><strong>exempla</strong></span> <span class='ocrx_word' id='word_1_372' title='bbox 1234 4170 1436 4255; x_wconf 65' lang='lat' dir='ltr'><strong>sequantur!</strong></span> 
     </span>
     <span class='ocr_line' id='line_1_38' title="bbox 495 4271 1406 4359; baseline 0.008 -28"><span class='ocrx_word' id='word_1_373' title='bbox 495 4271 605 4334; x_wconf 82' lang='lat' dir='ltr'><strong>5Haeo</strong></span> <span class='ocrx_word' id='word_1_374' title='bbox 626 4272 701 4348; x_wconf 82' lang='lat' dir='ltr'><strong>loca,</strong></span> <span class='ocrx_word' id='word_1_375' title='bbox 723 4274 795 4336; x_wconf 90' lang='lat' dir='ltr'><strong>dum</strong></span> <span class='ocrx_word' id='word_1_376' title='bbox 817 4275 1039 4354; x_wconf 56' lang='lat' dir='ltr'><strong>vivent‘qlibeat</strong></span> <span class='ocrx_word' id='word_1_377' title='bbox 1061 4277 1139 4340; x_wconf 88' lang='lat' dir='ltr'><strong>bene</strong></span> <span class='ocrx_word' id='word_1_378' title='bbox 1162 4287 1271 4339; x_wconf 86' lang='lat' dir='ltr'><strong>cuneta</strong></span> <span class='ocrx_word' id='word_1_379' title='bbox 1294 4277 1381 4352; x_wconf 88' lang='lat' dir='ltr'><strong>tueri,</strong></span> <span class='ocrx_word' id='word_1_380' title='bbox 1401 4273 1406 4359; x_wconf 95' lang='grc' dir='ltr'>Ι</span> 
     </span>
    </p>

    <p class='ocr_par' dir='ltr' id='par_1_17' title="bbox 524 4373 1397 4461">
     <span class='ocr_line' id='line_1_39' title="bbox 524 4373 1397 4461; baseline 0.007 -25"><span class='ocrx_word' id='word_1_381' title='bbox 524 4383 594 4455; x_wconf 88' lang='lat' dir='ltr'><strong>post</strong></span> <span class='ocrx_word' id='word_1_382' title='bbox 616 4373 762 4456; x_wconf 88' lang='lat' dir='ltr'><strong>obitumq.</strong></span> <span class='ocrx_word' id='word_1_383' title='bbox 784 4396 872 4440; x_wconf 90' lang='lat' dir='ltr'><strong>suum</strong></span> <span class='ocrx_word' id='word_1_384' title='bbox 894 4379 1014 4441; x_wconf 84' lang='lat' dir='ltr'><strong>tradant</strong></span> <span class='ocrx_word' id='word_1_385' title='bbox 1035 4388 1098 4442; x_wconf 89' lang='lat' dir='ltr'><strong>tum</strong></span> <span class='ocrx_word' id='word_1_386' title='bbox 1121 4379 1230 4441; x_wconf 89' lang='lat' dir='ltr'><strong>deinde</strong></span> <span class='ocrx_word' id='word_1_387' title='bbox 1251 4379 1370 4454; x_wconf 82' lang='lat' dir='ltr'><strong>futuris,</strong></span> <span class='ocrx_word' id='word_1_388' title='bbox 1390 4377 1397 4461; x_wconf 90' lang='grc' dir='ltr'>Ι</span> 
     </span>
    </p>

    <p class='ocr_par' dir='ltr' id='par_1_18' title="bbox 524 4478 1218 4562">
     <span class='ocr_line' id='line_1_40' title="bbox 524 4478 1218 4562; baseline 0.007 -24"><span class='ocrx_word' id='word_1_389' title='bbox 524 4497 564 4539; x_wconf 85' lang='lat' dir='ltr'><strong>ne</strong></span> <span class='ocrx_word' id='word_1_390' title='bbox 585 4478 702 4540; x_wconf 88' lang='lat' dir='ltr'><strong>deserta</strong></span> <span class='ocrx_word' id='word_1_391' title='bbox 723 4491 831 4543; x_wconf 81' lang='lat' dir='ltr'><strong>vacent</strong></span> <span class='ocrx_word' id='word_1_392' title='bbox 851 4481 963 4561; x_wconf 77' lang='lat' dir='ltr'><strong>ignotis</strong></span> <span class='ocrx_word' id='word_1_393' title='bbox 985 4481 1069 4543; x_wconf 84' lang='lat' dir='ltr'><strong>(levia</strong></span> <span class='ocrx_word' id='word_1_394' title='bbox 1092 4480 1218 4562; x_wconf 56' lang='lat' dir='ltr'><strong>bustal</strong></span> 
     </span>
    </p>

    <p class='ocr_par' dir='ltr' id='par_1_19' title="bbox 521 4580 1309 4658">
     <span class='ocr_line' id='line_1_41' title="bbox 521 4580 1309 4658; baseline 0.003 -16"><span class='ocrx_word' id='word_1_395' title='bbox 521 4580 574 4642; x_wconf 88' lang='lat' dir='ltr'><strong>sed</strong></span> <span class='ocrx_word' id='word_1_396' title='bbox 596 4591 659 4643; x_wconf 87' lang='lat' dir='ltr'><strong>tuta</strong></span> <span class='ocrx_word' id='word_1_397' title='bbox 681 4592 805 4644; x_wconf 84' lang='lat' dir='ltr'><strong>aeterno</strong></span> <span class='ocrx_word' id='word_1_398' title='bbox 827 4591 979 4658; x_wconf 82' lang='lat' dir='ltr'><strong>maneant,</strong></span> <span class='ocrx_word' id='word_1_399' title='bbox 1001 4584 1027 4645; x_wconf 92' lang='lat' dir='ltr'><strong>si</strong></span> <span class='ocrx_word' id='word_1_400' title='bbox 1049 4583 1149 4645; x_wconf 82' lang='lat' dir='ltr'><strong>dicere</strong></span> <span class='ocrx_word' id='word_1_401' title='bbox 1172 4585 1216 4645; x_wconf 86' lang='lat' dir='ltr'><strong>les</strong></span> <span class='ocrx_word' id='word_1_402' title='bbox 1237 4583 1309 4646; x_wconf 82' lang='lat' dir='ltr'><strong>est⁸.</strong></span> 
     </span>
    </p>
   </div>
   <div class='ocr_carea' id='block_1_11' title="bbox 329 4693 1621 4854">
    <p class='ocr_par' dir='ltr' id='par_1_20' title="bbox 329 4693 1621 4854">
     <span class='ocr_line' id='line_1_42' title="bbox 414 4693 1621 4767; baseline 0.002 -19"><span class='ocrx_word' id='word_1_403' title='bbox 414 4693 513 4749; x_wconf 76' lang='lat' dir='ltr'><strong>Itomae</strong></span> <span class='ocrx_word' id='word_1_404' title='bbox 534 4715 591 4765; x_wconf 75' lang='lat' dir='ltr'><strong>rep.</strong></span> <span class='ocrx_word' id='word_1_405' title='bbox 614 4699 651 4750; x_wconf 86' lang='lat' dir='ltr'><strong>od</strong></span> <span class='ocrx_word' id='word_1_406' title='bbox 671 4702 742 4750; x_wconf 80' lang='lat' dir='ltr'><strong>utam</strong></span> <span class='ocrx_word' id='word_1_407' title='bbox 764 4700 944 4765; x_wconf 71' lang='lat' dir='ltr'><strong>ballaenam,</strong></span> <span class='ocrx_word' id='word_1_408' title='bbox 970 4702 1026 4751; x_wconf 78' lang='lat' dir='ltr'><strong>tom</strong></span> <span class='ocrx_word' id='word_1_409' title='bbox 1049 4699 1203 4753; x_wconf 77' lang='lat' dir='ltr'><strong>Stoolrleotm</strong></span> <span class='ocrx_word' id='word_1_410' title='bbox 1229 4699 1385 4767; x_wconf 69' lang='grc'><strong>(7140237</strong></span> <span class='ocrx_word' id='word_1_411' title='bbox 1406 4698 1621 4753; x_wconf 62' lang='lat' dir='ltr'><strong>verethum-</strong></span> 
     </span>
     <span class='ocr_line' id='line_1_43' title="bbox 329 4779 1620 4854; baseline 0.008 -26"><span class='ocrx_word' id='word_1_412' title='bbox 329 4779 422 4844; x_wconf 69' lang='lat' dir='ltr'><strong>aaut).</strong></span> <span class='ocrx_word' id='word_1_413' title='bbox 430 4809 465 4819; x_wconf 90' lang='lat'>-</span> <span class='ocrx_word' id='word_1_414' title='bbox 484 4784 509 4846; x_wconf 90' lang='lat'><strong>1)</strong></span> <span class='ocrx_word' id='word_1_415' title='bbox 521 4782 681 4846; x_wconf 77' lang='lat' dir='ltr'><strong>Quaestum</strong></span> <span class='ocrx_word' id='word_1_416' title='bbox 693 4787 780 4839; x_wconf 75' lang='lat' dir='ltr'><strong>tortio</strong></span> <span class='ocrx_word' id='word_1_417' title='bbox 789 4811 824 4824; x_wconf 91' lang='lat'><strong>-·</strong></span> <span class='ocrx_word' id='word_1_418' title='bbox 835 4787 863 4852; x_wconf 88' lang='grc'><strong>2)</strong></span> <span class='ocrx_word' id='word_1_419' title='bbox 880 4784 1049 4851; x_wconf 79' lang='lat' dir='ltr'><strong>Trteltttm&#39;o,</strong></span> <span class='ocrx_word' id='word_1_420' title='bbox 1061 4783 1098 4847; x_wconf 75' lang='lat' dir='ltr'><strong>es.</strong></span> <span class='ocrx_word' id='word_1_421' title='bbox 1111 4785 1144 4840; x_wconf 88' lang='lat' dir='ltr'><strong>N.</strong></span> <span class='ocrx_word' id='word_1_422' title='bbox 1152 4786 1219 4839; x_wconf 78' lang='lat'><strong><em>⁷889</em></strong></span> <span class='ocrx_word' id='word_1_423' title='bbox 1228 4785 1343 4854; x_wconf 79' lang='lat' dir='ltr'><strong>(nott),</strong></span> <span class='ocrx_word' id='word_1_424' title='bbox 1352 4789 1444 4854; x_wconf 70' lang='lat' dir='ltr'><strong>potam</strong></span> <span class='ocrx_word' id='word_1_425' title='bbox 1453 4800 1549 4854; x_wconf 72' lang='lat' dir='ltr'><strong>quam:</strong></span> <span class='ocrx_word' id='word_1_426' title='bbox 1567 4786 1620 4838; x_wconf 69' lang='lat' dir='ltr'><strong>trt-</strong></span> 
     </span>
    </p>
   </div>
   <div class='ocr_carea' id='block_1_12' title="bbox 0 0 1812 5426">
    <p class='ocr_par' dir='ltr' id='par_1_21' title="bbox 0 0 1812 5426">
     <span class='ocr_line' id='line_1_44' title="bbox 0 0 1812 5426; baseline 0 0"><span class='ocrx_word' id='word_1_427' title='bbox 0 0 1812 5426; x_wconf 95' lang='lat' dir='ltr'><strong> </strong></span> 
     </span>
    </p>
   </div>
  </div>
 </body>
</html>
