3606 5426
466 373 551 429 Tituli
568 373 739 444 eepnlemlee.
757 405 789 414 -
808 374 966 431 Sententiae
982 375 1122 432 funebres.
1372 377 1434 436 881

237 543 384 597 Beueoehtt
401 545 455 614 (IX
469 546 535 598 2444
552 548 620 598 vidit
637 547 765 612 θνατοί).
801 547 949 599 Buecheler
965 563 1047 600 earne.
1065 551 1150 615 epigr.
1168 549 1262 604 etet
1288 579 1324 588 -
1351 551 1376 614 1)
1394 546 1435 608 cf.

150 645 237 696 supra
253 629 288 682 Ν.
300 632 382 683 aaut.
418 631 502 698 Lapis
520 637 670 697 temporum
686 633 815 697 Augusti.
838 661 872 671 -
899 634 927 698 2)
946 631 986 694 Cf.
1004 635 1043 685 ad
1058 649 1117 685 eam
1135 650 1204 700 qaae
1219 639 1351 700 requitur.

235 783 343 856 8155⁸
381 789 409 850 d.
433 807 473 853 m.
492 786 498 873 Ι
517 788 552 850 Τ.
574 788 692 851 Flavius
710 786 715 870 Ι
735 788 878 852 Martialis
901 790 949 853 hio
968 786 974 874 Ι
992 791 1067 852 situs
1089 801 1143 854 est

208 979 212 986 ι
303 891 391 963 Quod
413 892 461 953 edi
479 889 485 972 Ι
506 891 576 966 bibi,
599 909 716 954 mecum
737 892 868 975 hebeo¹3
892 893 972 973 quod
995 893 1110 973 reliqui,
1130 890 1136 977 Ι
1154 893 1280 974 perdidi.
1300 892 1305 978 Ι

149 992 181 1052 ll.
204 1011 232 1054 e.
257 990 395 1077 emp
421 992 457 1055 ln
480 994 500 1054 i.
522 994 604 1074 p.V‚
628 994 659 1055 in
682 1013 708 1055 e.
731 1013 811 1074 p...

235 1092 347 1157 Romae,
367 1096 423 1144 iam
440 1093 611 1159 Sihlgagltae
635 1093 692 1161 (VI
705 1094 786 1147 48484
804 1094 875 1146 vidit
892 1094 1053 1163 hermano).
1087 1094 1234 1147 Buecheler
1251 1111 1332 1148 ιοηη.
1349 1098 1435 1161 epigr.

148 1193 175 1229 ιι.
186 1179 247 1230 244.
265 1206 300 1217 -
318 1181 344 1243 1)
362 1178 497 1230 Similiter
513 1181 544 1230 ih
562 1179 653 1245 lepide
664 1177 781 1231 Moerico
793 1179 835 1232 111
845 1181 942 1232 leuel:
963 1189 1028 1248 quot
1046 1180 1154 1245 oomidi,
1171 1194 1270 1232 meeum
1289 1196 1363 1234 aveo.
1394 1179 1437 1241 er.

148 1266 319 1330 epitaphium
336 1265 410 1331 quod
427 1265 586 1315 credebatur
604 1264 799 1331 Sardanapalli
816 1266 891 1331 apud
909 1263 1066 1317 Strabonem
1084 1265 1115 1317 44
1128 1279 1158 1331 p.
1169 1266 1219 1318 472
1231 1266 1364 1334 altorque,
1384 1266 1437 1318 La·

148 1350 205 1398 tine
221 1364 269 1415 ap.
288 1349 441 1400 ciceronem
462 1347 539 1402 tine.
555 1352 582 1412 ὅ,
599 1351 643 1415 ta,
661 1349 717 1402 404.

234 1521 322 1592 81544
372 1524 401 1585 δ.
425 1525 477 1588 ιο.ι
521 1523 663 1586 Cerelliee
690 1524 892 1586 Fortunatee¹
919 1525 1039 1604 coniugi
1067 1525 1250 1601 eeueeimae,
1280 1545 1347 1588 oum
1376 1545 1434 1608 que

148 1627 186 1686 ιι·
208 1645 283 1688 ann.
296 1625 347 1687 xl.
370 1645 394 1688 e.
410 1646 441 1691 u.
457 1626 508 1707 q.⁴,
528 1625 533 1710 Ι
554 1627 594 1688 Μ.
609 1626 757 1688 Antonius
773 1627 942 1706 Encolpus⁵
969 1627 1039 1688 iecit
1060 1626 1117 1690 sibi
1139 1636 1169 1688 et
1190 1629 1322 1690 Antonio
1346 1629 1437 1691 hthe·

149 1748 224 1791 neeo
248 1727 378 1811 iliberto
401 1749 456 1792 ouo
479 1729 636 1792 karissimo
658 1741 689 1792 et
710 1730 824 1793 libertis
847 1729 1070 1810 libertabusquo
1092 1749 1196 1794 eorum
1216 1727 1222 1815 Ι
1248 1741 1277 1793 et
1298 1731 1437 1812 posteris,

148 1869 189 1878 -
211 1842 340 1912 excepto
363 1832 403 1894 ll.
425 1833 557 1895 Antonio
580 1833 758 1907 Athenione,
781 1851 869 1912 quem
894 1841 960 1894 veto
979 1828 985 1915 Ι
1004 1833 1035 1894 in
1058 1853 1094 1895 eo
1118 1833 1303 1896 monimento
1326 1833 1438 1894 editum

148 1934 290 2009 habere⁸,
322 1953 421 2016 neque
444 1935 502 1996 iter
523 1935 666 1998 ambitum
685 1933 691 2019 Ι
710 1935 866 1997 introitum
889 1935 983 1996 ullum
1006 1935 1035 1997 in
1060 1954 1095 1996 eo
1118 1935 1240 2020 habere,
1270 1954 1369 2016 neque
1390 1954 1437 1997 se·

147 2037 287 2118 pulturee
310 2055 397 2099 eausa
426 2033 432 2119 Ι
457 2037 598 2118 reliquias
620 2038 684 2100 eius
706 2049 957 2119 posterorumque
980 2037 1044 2099 eius
1066 2037 1185 2114 interri;
1221 2039 1300 2118 quod
1323 2038 1349 2099 ei
1371 2037 1438 2118 quie

148 2136 303 2223 adiret-sus
324 2139 383 2201 hoo
406 2139 490 2220 quts'
512 2141 630 2215 iecerit,
661 2150 735 2202 tune
757 2139 791 2212 is,
814 2141 865 2219 qui
891 2140 1005 2214 lecerit,
1033 2157 1149 2218 poenae
1172 2141 1294 2202 nomine
1314 2137 1319 2223 Ι
1338 2139 1438 2220 ponti-

147 2241 257 2304 ficibus
279 2251 330 2304 aut
351 2241 545 2304 entescolaris
566 2243 734 2323 virginum⁸
750 2224 854 2305 {tei
872 2260 910 2303 m.
928 2261 958 2303 n.
982 2240 1092 2304 inferre
1108 2237 1263 2325 delhehiu,
1287 2243 1353 2304 ideo
1370 2241 1438 2322 quie

148 2361 195 2404 me
218 2362 278 2424 pos
299 2343 406 2406 multae
436 2343 560 2406 iniuriae
581 2355 738 2426 parentem
762 2343 817 2407 sibi
842 2343 1043 2423 anruegeverit
1064 2377 1107 2388 -
1126 2340 1131 2425 Ι
1151 2352 1181 2405 et
1202 2345 1236 2405 Α.
1253 2344 1335 2406 Lelio
1358 2344 1437 2424 hpe·

150 2445 195 2507 liti
219 2445 323 2508 clienti
346 2445 518 2508 karissimo:
542 2463 630 2526 quem
654 2445 784 2507 boluerit
798 2440 993 2530 do[n]ationis
1015 2463 1103 2508 cause
1125 2440 1322 2530 sercoielgum
1349 2445 1439 2525 eligat

148 2547 219 2628 sibi,
254 2549 372 2626 opter¹⁰
399 2548 480 2628 quod
508 2548 539 2608 in
563 2543 622 2609 tem
651 2565 737 2610 mane
768 2547 852 2610 clade
883 2566 943 2608 non
968 2565 1015 2608 me
1036 2548 1205 2628 reliquerit,
1238 2549 1323 2609 euius
1345 2547 1438 2608 bene·

148 2651 215 2710 tiele
237 2651 323 2711 abeo.
347 2646 352 2732 Ι

356 2763 417 2851 Μή
441 2789 505 2849 μου
527 2765 708 2854 παρέλθῃς
729 2765 768 2832 τὸ
793 2763 1001 2852 ἐπίγραμμα,
1024 2759 1197 2850 ὁδοιπόρε,

357 2863 443 2934 ἀλλὰ
466 2873 608 2946 σταθείς
631 2863 731 2935 inova
751 2870 807 2936 καὶ
831 2872 957 2953 μαθὼν
979 2861 1054 2935 άπι.
1072 2869 1079 2952 Ι

363 2963 431 3038 Οὐκ
453 2969 526 3038 ἐ’στι
548 2971 584 3037 ἐν
601 2969 711 3038 “Adon
733 2973 865 3046 πλοῖον,
889 2969 928 3038 οὐ
947 2968 1126 3055 πορθμεὺς
1141 2969 1278 3054 Χάρων,

359 3071 416 3140 οὐκ
430 3073 565 3150 Α’ίακος
588 3074 788 3159 κλειδοῦχος,
813 3070 886 3158 οὐχί
908 3073 913 3157 Ι
932 3069 1124 3160 ΚέρβεΙρΙος
1145 3071 1243 3140 κάων.

354 3171 467 3260 Ἡμεῖς
489 3175 526 3242 δὲ
548 3175 675 3254 πάντες
698 3177 731 3244 ol
753 3175 843 3242 κάτω
867 3175 1069 3264 τεθνηκότες

358 3274 460 3344 δστὲα
481 3277 590 3365 τέφρα
614 3275 842 3366 [χΙεχόναΙμεν,
867 3272 950 3342 ἄλλο
973 3276 1010 3343 δὲ
1032 3270 1110 3343 οὐδὲ
1135 3273 1179 3342 δν.

357 3379 492 3469 Eloque}
515 3402 571 3448 σοι
593 3373 727 3466 ὀρθῶς,
751 3379 862 3467 ὕπαγε
884 3374 1058 3466 ὁδοιπόρε,

356 3489 401 3572 μὴ
425 3485 480 3551 καί
503 3487 677 3562 τεθνακώς
700 3476 890 3568 άδίλεσΙχός
914 3505 970 3549 σοι
993 3484 1101 3571 φανῶ.

306 3607 366 3691 Mo)
383 3596 485 3688 μάρα,
508 3601 553 3690 μὴ
571 3601 759 3694 στεφάνους
781 3601 977 3690 στήίλῃ(α·α)
997 3605 1135 3688 χαρίσῃ,
1158 3601 1260 3678 λίθος
1281 3597 1382 3682 ἐστίν,

356 3705 441 3794 μηδὲ
462 3704 501 3772 τὸ
524 3709 593 3790 πῦρ
613 3706 619 3792 Ι
640 3705 786 3795 φίδξεις·
811 3705 842 3784 lc
863 3703 959 3773 κενὸν
980 3699 1000 3793 ἡ
1025 3701 1170 3790 δαπάνη.
1211 3767 1212 3770 ,

307 3811 419 3876 Ζῶντί
434 3833 504 3893 μοι,
528 3807 561 3875 el'
573 3833 608 3875 τι
624 3807 718 3891 ἔχεις,
740 3807 898 3892 μετάδος,
922 3811 1051 3895 τέφραν
1066 3805 1103 3871 δὲ
1117 3802 1298 3888 μεθδσκων
1315 3805 1321 3890 Ι

358 3908 469 4000 πηλὸν
491 3911 662 3998 ποιήσεις,
685 3913 741 3978 καί
765 3905 824 3977 οὖν
846 3906 864 3977 ὁ
889 3915 1008 3977 θανὼν
1030 3916 1156 3976 πίεται.

312 4017 419 4082 Τοῦτο
442 4013 563 4099 ἔσομαι
583 4013 648 4102 γάρ
670 4011 750 4102 ἐγώ,
774 4013 814 4081 οδ
839 4013 877 4080 δὲ
896 4015 901 4100 Ι
921 4013 1056 4091 τούτοις
1076 4015 1138 4099 γῆν
1161 4008 1334 4093 ἐπιχρίσας

358 4121 450 4184 eloh·
478 4109 535 4184 ὅτε
556 4114 616 4184 οὐκ
637 4103 716 4206 ἦν’,
737 4120 838 4185 τοῦτο
862 4116 969 4184 πάλιν
989 4121 1117 4203 χίχονα.

240 4223 275 4284 Η.
299 4243 338 4284 ιο.
362 4224 391 4284 δ.
416 4243 455 4284 ιο.
477 4219 530 4306 ε.Ι

241 4346 275 4404 Α.
288 4343 406 4406 Laelius
421 4342 547 4424 Apelles,
570 4341 601 4404 in
626 4342 683 4403 hoo
697 4350 895 4403 monumento
919 4341 1030 4402 editum
1045 4338 1188 4401 ambitum
1210 4338 1297 4399 iubeo
1321 4333 1440 4397 hebere.

151 4445 239 4507 iusso
261 4447 372 4507 hutoni
396 4443 522 4526 Encolpi
549 4441 554 4526 Ι
581 4443 637 4505 ΟΙο
660 4443 741 4505 Lelio
765 4443 892 4524 hpelleti
915 4461 976 4505 uno
999 4441 1274 4521 sarchofagoitum
1296 4436 1439 4499 ambitum

151 4547 264 4609 habere
286 4548 420 4621 devovet,
443 4547 538 4608 amieo
562 4547 686 4626 optimo.

241 4664 340 4717 homae
362 4669 442 4716 extra
463 4668 571 4730 portam
589 4664 743 4726 Aureliam,
767 4663 880 4715 invilla
900 4661 1051 4728 Pamphilio
1074 4659 1127 4723 (VI
1140 4659 1218 4712 44472
1236 4659 1305 4708 vidit
1323 4658 1438 4708 limen.

151 4750 241 4802 Inter.
260 4749 304 4802 Gr.
323 4749 399 4802 Steti.
418 4750 481 4801 Ital.
499 4749 581 4812 474⁶,-
607 4749 642 4809 σί.
664 4749 785 4799 Ιίιιεδνιιι·
807 4763 851 4800 ear.
874 4763 925 4801 aer.
945 4750 1031 4814 epigr.
1049 4761 1075 4796 n.
1092 4745 1164 4813 509).
1191 4771 1225 4782 -
1253 4747 1278 4806 1)
1301 4759 1333 4796 ιο.
1356 4747 1441 4793 inter·

207 4841 312 4896 nme,
330 4841 487 4898 melpum
500 4841 595 4892 paenae
608 4839 638 4884 11.
1201 4831 1234 4882 56
