<?xml version="1.0" encoding="UTF-8"?>
<!DOCTYPE html PUBLIC "-//W3C//DTD XHTML 1.0 Transitional//EN"
    "http://www.w3.org/TR/xhtml1/DTD/xhtml1-transitional.dtd">
<html xmlns="http://www.w3.org/1999/xhtml" xml:lang="en" lang="en">
 <head>
  <title>
</title>
<meta http-equiv="Content-Type" content="text/html;charset=utf-8" />
  <meta name='ocr-system' content='tesseract 3.04.00' />
  <meta name='ocr-capabilities' content='ocr_page ocr_carea ocr_par ocr_line ocrx_word'/>
</head>
<body>
  <div class='ocr_page' id='page_1' title='image "./inscriptionesla01dessgoog_0173.png"; bbox 0 0 3606 5426; ppageno 0'>
   <div class='ocr_carea' id='block_1_1' title="bbox 370 381 1097 453">
    <p class='ocr_par' dir='ltr' id='par_1_1' title="bbox 370 381 1097 453">
     <span class='ocr_line' id='line_1_1' title="bbox 370 381 1097 453; baseline -0.006 -14"><span class='ocrx_word' id='word_1_1' title='bbox 370 381 432 442; x_wconf 84' lang='lat'><strong>900</strong></span> <span class='ocrx_word' id='word_1_2' title='bbox 903 383 993 453; x_wconf 82' lang='lat' dir='ltr'><strong>Gspnt</strong></span> <span class='ocrx_word' id='word_1_3' title='bbox 1009 381 1097 438; x_wconf 82' lang='lat' dir='ltr'>XVII.</span> 
     </span>
    </p>
   </div>
   <div class='ocr_carea' id='block_1_2' title="bbox 369 553 1654 639">
    <p class='ocr_par' dir='ltr' id='par_1_2' title="bbox 369 553 1654 639">
     <span class='ocr_line' id='line_1_2' title="bbox 369 553 1654 639; baseline -0.002 -23"><span class='ocrx_word' id='word_1_4' title='bbox 369 555 460 617; x_wconf 87' lang='lat' dir='ltr'><strong>ceteri</strong></span> <span class='ocrx_word' id='word_1_5' title='bbox 488 555 575 617; x_wconf 93' lang='lat' dir='ltr'><strong>amici</strong></span> <span class='ocrx_word' id='word_1_6' title='bbox 605 555 775 634; x_wconf 87' lang='lat' dir='ltr'><strong>ignoscetis.</strong></span> <span class='ocrx_word' id='word_1_7' title='bbox 820 556 885 618; x_wconf 89' lang='lat' dir='ltr'><strong>lloc</strong></span> <span class='ocrx_word' id='word_1_8' title='bbox 912 553 1150 639; x_wconf 75' lang='lat' dir='ltr'><strong>monulmentum</strong></span> <span class='ocrx_word' id='word_1_9' title='bbox 1180 556 1325 636; x_wconf 81' lang='lat' dir='ltr'>hospitem</span> <span class='ocrx_word' id='word_1_10' title='bbox 1356 575 1416 618; x_wconf 91' lang='lat' dir='ltr'><strong>non</strong></span> <span class='ocrx_word' id='word_1_11' title='bbox 1444 557 1558 638; x_wconf 86' lang='lat' dir='ltr'><strong>recipet</strong></span> <span class='ocrx_word' id='word_1_12' title='bbox 1576 565 1654 632; x_wconf 79' lang='lat' dir='ltr'><strong>(ste),</strong></span> 
     </span>
    </p>
   </div>
   <div class='ocr_carea' id='block_1_3' title="bbox 369 656 583 719">
    <p class='ocr_par' dir='ltr' id='par_1_3' title="bbox 369 656 583 719">
     <span class='ocr_line' id='line_1_3' title="bbox 369 656 583 719; baseline 0.014 -3"><span class='ocrx_word' id='word_1_13' title='bbox 369 656 450 718; x_wconf 82' lang='lat' dir='ltr'><strong>vans</strong></span> <span class='ocrx_word' id='word_1_14' title='bbox 471 656 583 719; x_wconf 88' lang='lat' dir='ltr'><strong>valetis.</strong></span> 
     </span>
    </p>
   </div>
   <div class='ocr_carea' id='block_1_4' title="bbox 367 754 1655 1080">
    <p class='ocr_par' dir='ltr' id='par_1_4' title="bbox 367 754 1655 1080">
     <span class='ocr_line' id='line_1_4' title="bbox 454 754 1655 824; baseline 0.002 -17"><span class='ocrx_word' id='word_1_15' title='bbox 454 754 563 820; x_wconf 76' lang='lat' dir='ltr'><strong>Romae,</strong></span> <span class='ocrx_word' id='word_1_16' title='bbox 580 760 635 809; x_wconf 88' lang='lat' dir='ltr'><strong>iam</strong></span> <span class='ocrx_word' id='word_1_17' title='bbox 656 761 685 808; x_wconf 85' lang='lat' dir='ltr'><strong>in</strong></span> <span class='ocrx_word' id='word_1_18' title='bbox 704 758 794 810; x_wconf 80' lang='lat' dir='ltr'><strong>insula</strong></span> <span class='ocrx_word' id='word_1_19' title='bbox 807 760 911 810; x_wconf 88' lang='lat' dir='ltr'><strong>maiore</strong></span> <span class='ocrx_word' id='word_1_20' title='bbox 924 759 1081 811; x_wconf 80' lang='lat' dir='ltr'><strong>Balearium</strong></span> <span class='ocrx_word' id='word_1_21' title='bbox 1101 757 1232 824; x_wconf 71' lang='lat'><em>(717682</em></span> <span class='ocrx_word' id='word_1_22' title='bbox 1249 758 1320 809; x_wconf 83' lang='lat' dir='ltr'><strong>vidit</strong></span> <span class='ocrx_word' id='word_1_23' title='bbox 1337 757 1479 818; x_wconf 80' lang='lat' dir='ltr'><strong>Buebrrer).</strong></span> <span class='ocrx_word' id='word_1_24' title='bbox 1497 787 1530 797; x_wconf 92' lang='lat'><em>-</em></span> <span class='ocrx_word' id='word_1_25' title='bbox 1551 762 1574 824; x_wconf 90' lang='lat' dir='ltr'><strong>l)</strong></span> <span class='ocrx_word' id='word_1_26' title='bbox 1593 758 1655 810; x_wconf 80' lang='lat' dir='ltr'><strong>cta-</strong></span> 
     </span>
     <span class='ocr_line' id='line_1_5' title="bbox 367 841 1655 912; baseline 0.002 -18"><span class='ocrx_word' id='word_1_27' title='bbox 367 845 491 894; x_wconf 82' lang='lat' dir='ltr'><strong>riaaimae</strong></span> <span class='ocrx_word' id='word_1_28' title='bbox 507 845 652 894; x_wconf 79' lang='lat' dir='ltr'><strong><em>memoriae</em></strong></span> <span class='ocrx_word' id='word_1_29' title='bbox 669 845 730 894; x_wconf 85' lang='lat' dir='ltr'><strong>viri.</strong></span> <span class='ocrx_word' id='word_1_30' title='bbox 748 872 783 880; x_wconf 97' lang='lat'><strong>—</strong></span> <span class='ocrx_word' id='word_1_31' title='bbox 800 846 826 907; x_wconf 83' lang='lat'><strong>2)</strong></span> <span class='ocrx_word' id='word_1_32' title='bbox 845 845 942 894; x_wconf 79' lang='lat' dir='ltr'><strong>Iterum</strong></span> <span class='ocrx_word' id='word_1_33' title='bbox 956 845 1074 895; x_wconf 71' lang='lat' dir='ltr'><strong>consulis</strong></span> <span class='ocrx_word' id='word_1_34' title='bbox 1092 843 1129 912; x_wconf 89' lang='lat' dir='ltr'><strong>(a.</strong></span> <span class='ocrx_word' id='word_1_35' title='bbox 1139 859 1167 908; x_wconf 83' lang='lat' dir='ltr'><strong>p.</strong></span> <span class='ocrx_word' id='word_1_36' title='bbox 1183 843 1244 898; x_wconf 76' lang='lat' dir='ltr'><strong>om.</strong></span> <span class='ocrx_word' id='word_1_37' title='bbox 1257 843 1312 907; x_wconf 92' lang='grc'><strong><em>480,</em></strong></span> <span class='ocrx_word' id='word_1_38' title='bbox 1330 841 1366 904; x_wconf 75' lang='lat' dir='ltr'><strong>cs.</strong></span> <span class='ocrx_word' id='word_1_39' title='bbox 1378 859 1462 909; x_wconf 76' lang='lat' dir='ltr'><strong>supra</strong></span> <span class='ocrx_word' id='word_1_40' title='bbox 1475 843 1509 897; x_wconf 89' lang='grc' dir='ltr'><strong>Ν.</strong></span> <span class='ocrx_word' id='word_1_41' title='bbox 1520 845 1605 906; x_wconf 89' lang='grc'><strong>4447).</strong></span> <span class='ocrx_word' id='word_1_42' title='bbox 1618 874 1655 882; x_wconf 91' lang='grc'><strong>-</strong></span> 
     </span>
     <span class='ocr_line' id='line_1_6' title="bbox 367 925 1654 997; baseline 0 -17"><span class='ocrx_word' id='word_1_43' title='bbox 367 930 393 992; x_wconf 77' lang='grc'><strong>9)</strong></span> <span class='ocrx_word' id='word_1_44' title='bbox 413 927 595 993; x_wconf 77' lang='lat' dir='ltr'><strong>Significatnr</strong></span> <span class='ocrx_word' id='word_1_45' title='bbox 613 927 742 994; x_wconf 73' lang='lat' dir='ltr'><strong>officium,</strong></span> <span class='ocrx_word' id='word_1_46' title='bbox 761 932 880 980; x_wconf 73' lang='lat' dir='ltr'><strong>cursorie</strong></span> <span class='ocrx_word' id='word_1_47' title='bbox 897 933 929 980; x_wconf 82' lang='lat' dir='ltr'><strong>ut</strong></span> <span class='ocrx_word' id='word_1_48' title='bbox 944 930 1052 980; x_wconf 82' lang='lat' dir='ltr'><strong>videtur</strong></span> <span class='ocrx_word' id='word_1_49' title='bbox 1069 928 1119 996; x_wconf 63' lang='lat' dir='ltr'><strong>(est</strong></span> <span class='ocrx_word' id='word_1_50' title='bbox 1138 944 1221 993; x_wconf 62' lang='lat' dir='ltr'><strong>sarira</strong></span> <span class='ocrx_word' id='word_1_51' title='bbox 1240 925 1274 980; x_wconf 85' lang='lat' dir='ltr'><strong>N.</strong></span> <span class='ocrx_word' id='word_1_52' title='bbox 1288 928 1363 997; x_wconf 79' lang='grc'><strong><em>4740)</em></strong></span> <span class='ocrx_word' id='word_1_53' title='bbox 1381 933 1412 979; x_wconf 84' lang='lat' dir='ltr'><strong>ui</strong></span> <span class='ocrx_word' id='word_1_54' title='bbox 1429 927 1557 981; x_wconf 77' lang='lat' dir='ltr'><strong><em>Germani</em></strong></span> <span class='ocrx_word' id='word_1_55' title='bbox 1572 945 1654 980; x_wconf 85' lang='lat' dir='ltr'><strong>noea-</strong></span> 
     </span>
     <span class='ocr_line' id='line_1_7' title="bbox 368 1011 1496 1080; baseline 0.005 -18"><span class='ocrx_word' id='word_1_56' title='bbox 368 1014 430 1063; x_wconf 85' lang='lat' dir='ltr'><strong>lmlo</strong></span> <span class='ocrx_word' id='word_1_57' title='bbox 449 1011 572 1074; x_wconf 72' lang='lat' dir='ltr'><strong>officinm</strong></span> <span class='ocrx_word' id='word_1_58' title='bbox 586 1016 708 1080; x_wconf 78' lang='lat' dir='ltr'><strong>eorporis</strong></span> <span class='ocrx_word' id='word_1_59' title='bbox 726 1013 843 1064; x_wconf 82' lang='lat' dir='ltr'><strong>erretodir</strong></span> <span class='ocrx_word' id='word_1_60' title='bbox 862 1018 958 1080; x_wconf 77' lang='lat' dir='ltr'><strong>(supra</strong></span> <span class='ocrx_word' id='word_1_61' title='bbox 975 1013 1009 1066; x_wconf 90' lang='grc' dir='ltr'><strong>Ν.</strong></span> <span class='ocrx_word' id='word_1_62' title='bbox 1020 1014 1161 1079; x_wconf 55' lang='grc'><strong>474709.)</strong></span> <span class='ocrx_word' id='word_1_63' title='bbox 1184 1043 1219 1051; x_wconf 97' lang='grc'>-</span> <span class='ocrx_word' id='word_1_64' title='bbox 1241 1017 1268 1078; x_wconf 83' lang='grc'><strong>4)</strong></span> <span class='ocrx_word' id='word_1_65' title='bbox 1288 1013 1386 1065; x_wconf 77' lang='lat' dir='ltr'><strong>Consul</strong></span> <span class='ocrx_word' id='word_1_66' title='bbox 1402 1031 1429 1066; x_wconf 85' lang='lat' dir='ltr'><strong>a.</strong></span> <span class='ocrx_word' id='word_1_67' title='bbox 1440 1014 1496 1068; x_wconf 76' lang='lat' dir='ltr'><strong>tet.</strong></span> 
     </span>
    </p>
   </div>
   <div class='ocr_carea' id='block_1_5' title="bbox 364 1166 1654 1954">
    <p class='ocr_par' dir='ltr' id='par_1_5' title="bbox 364 1166 1654 1871">
     <span class='ocr_line' id='line_1_8' title="bbox 452 1166 1653 1256; baseline -0.002 -21"><span class='ocrx_word' id='word_1_68' title='bbox 452 1166 539 1238; x_wconf 72' lang='grc'><strong>8200</strong></span> <span class='ocrx_word' id='word_1_69' title='bbox 582 1171 610 1234; x_wconf 84' lang='lat' dir='ltr'><strong>d.</strong></span> <span class='ocrx_word' id='word_1_70' title='bbox 633 1190 671 1232; x_wconf 91' lang='lat' dir='ltr'><strong>m.</strong></span> <span class='ocrx_word' id='word_1_71' title='bbox 691 1169 696 1253; x_wconf 96' lang='grc' dir='ltr'>Ι</span> <span class='ocrx_word' id='word_1_72' title='bbox 717 1171 750 1232; x_wconf 81' lang='lat' dir='ltr'><strong>l..</strong></span> <span class='ocrx_word' id='word_1_73' title='bbox 773 1171 865 1234; x_wconf 91' lang='lat' dir='ltr'><strong>lulius</strong></span> <span class='ocrx_word' id='word_1_74' title='bbox 888 1171 922 1233; x_wconf 89' lang='lat' dir='ltr'><strong>L.</strong></span> <span class='ocrx_word' id='word_1_75' title='bbox 946 1173 985 1233; x_wconf 85' lang='lat' dir='ltr'><strong>iil.</strong></span> <span class='ocrx_word' id='word_1_76' title='bbox 1008 1171 1068 1234; x_wconf 90' lang='lat' dir='ltr'><strong>Pal.</strong></span> <span class='ocrx_word' id='word_1_77' title='bbox 1089 1169 1094 1254; x_wconf 96' lang='grc' dir='ltr'>Ι</span> <span class='ocrx_word' id='word_1_78' title='bbox 1114 1172 1282 1249; x_wconf 76' lang='lat' dir='ltr'><strong>Crescens!</strong></span> <span class='ocrx_word' id='word_1_79' title='bbox 1309 1173 1379 1233; x_wconf 88' lang='lat' dir='ltr'><strong>lecit</strong></span> <span class='ocrx_word' id='word_1_80' title='bbox 1400 1170 1531 1256; x_wconf 75' lang='lat' dir='ltr'><strong>sibilet</strong></span> <span class='ocrx_word' id='word_1_81' title='bbox 1552 1173 1653 1234; x_wconf 87' lang='lat' dir='ltr'><strong>libert..</strong></span> 
     </span>
     <span class='ocr_line' id='line_1_9' title="bbox 367 1272 1654 1358; baseline 0.002 -25"><span class='ocrx_word' id='word_1_82' title='bbox 367 1272 561 1352; x_wconf 90' lang='lat' dir='ltr'><strong>libertabusq.</strong></span> <span class='ocrx_word' id='word_1_83' title='bbox 583 1275 654 1347; x_wconf 89' lang='lat' dir='ltr'><strong>suis,</strong></span> <span class='ocrx_word' id='word_1_84' title='bbox 686 1272 692 1357; x_wconf 95' lang='grc' dir='ltr'>Ι</span> <span class='ocrx_word' id='word_1_85' title='bbox 720 1275 760 1335; x_wconf 87' lang='lat' dir='ltr'><strong>ita</strong></span> <span class='ocrx_word' id='word_1_86' title='bbox 782 1285 815 1335; x_wconf 93' lang='lat' dir='ltr'><strong>ut</strong></span> <span class='ocrx_word' id='word_1_87' title='bbox 837 1275 861 1336; x_wconf 92' lang='lat' dir='ltr'><strong>si</strong></span> <span class='ocrx_word' id='word_1_88' title='bbox 884 1276 977 1336; x_wconf 85' lang='lat' dir='ltr'><strong>exteri</strong></span> <span class='ocrx_word' id='word_1_89' title='bbox 1001 1275 1130 1335; x_wconf 89' lang='lat' dir='ltr'><strong>nominis</strong></span> <span class='ocrx_word' id='word_1_90' title='bbox 1153 1273 1277 1335; x_wconf 87' lang='lat' dir='ltr'><strong>heredes</strong></span> <span class='ocrx_word' id='word_1_91' title='bbox 1296 1273 1301 1358; x_wconf 96' lang='grc' dir='ltr'>Ι</span> <span class='ocrx_word' id='word_1_92' title='bbox 1321 1273 1454 1336; x_wconf 83' lang='lat' dir='ltr'>habuero</span> <span class='ocrx_word' id='word_1_93' title='bbox 1478 1294 1530 1336; x_wconf 89' lang='lat' dir='ltr'><strong>eos</strong></span> <span class='ocrx_word' id='word_1_94' title='bbox 1552 1277 1654 1354; x_wconf 88' lang='lat' dir='ltr'><strong>quoad</strong></span> 
     </span>
     <span class='ocr_line' id='line_1_10' title="bbox 366 1373 1652 1460; baseline 0.003 -26"><span class='ocrx_word' id='word_1_95' title='bbox 366 1376 465 1437; x_wconf 79' lang='lat' dir='ltr'><strong>virent</strong></span> <span class='ocrx_word' id='word_1_96' title='bbox 487 1376 516 1437; x_wconf 94' lang='lat' dir='ltr'><strong>in</strong></span> <span class='ocrx_word' id='word_1_97' title='bbox 540 1376 598 1436; x_wconf 93' lang='lat' dir='ltr'><strong>boc</strong></span> <span class='ocrx_word' id='word_1_98' title='bbox 623 1375 628 1460; x_wconf 96' lang='grc' dir='ltr'>Ι</span> <span class='ocrx_word' id='word_1_99' title='bbox 654 1377 872 1439; x_wconf 81' lang='lat' dir='ltr'><strong>monimentum</strong></span> <span class='ocrx_word' id='word_1_100' title='bbox 896 1376 942 1438; x_wconf 87' lang='lat' dir='ltr'><strong>ius</strong></span> <span class='ocrx_word' id='word_1_101' title='bbox 963 1376 1073 1437; x_wconf 90' lang='lat' dir='ltr'><strong>babere</strong></span> <span class='ocrx_word' id='word_1_102' title='bbox 1096 1377 1175 1450; x_wconf 83' lang='lat' dir='ltr'><strong>volo,</strong></span> <span class='ocrx_word' id='word_1_103' title='bbox 1204 1377 1244 1436; x_wconf 86' lang='lat' dir='ltr'><strong>ite</strong></span> <span class='ocrx_word' id='word_1_104' title='bbox 1271 1373 1276 1459; x_wconf 90' lang='grc' dir='ltr'>Ι</span> <span class='ocrx_word' id='word_1_105' title='bbox 1306 1396 1344 1438; x_wconf 90' lang='lat' dir='ltr'><strong>ne</strong></span> <span class='ocrx_word' id='word_1_106' title='bbox 1372 1377 1555 1440; x_wconf 87' lang='lat' dir='ltr'><strong>denomino</strong></span> <span class='ocrx_word' id='word_1_107' title='bbox 1583 1397 1652 1439; x_wconf 89' lang='lat' dir='ltr'><strong>men</strong></span> 
     </span>
     <span class='ocr_line' id='line_1_11' title="bbox 367 1476 1653 1562; baseline 0.001 -22"><span class='ocrx_word' id='word_1_108' title='bbox 367 1479 444 1540; x_wconf 83' lang='lat' dir='ltr'><strong>exiet</strong></span> <span class='ocrx_word' id='word_1_109' title='bbox 465 1487 517 1540; x_wconf 92' lang='lat' dir='ltr'><strong>aut</strong></span> <span class='ocrx_word' id='word_1_110' title='bbox 539 1495 577 1539; x_wconf 88' lang='lat' dir='ltr'><strong>ne</strong></span> <span class='ocrx_word' id='word_1_111' title='bbox 599 1479 674 1540; x_wconf 89' lang='lat' dir='ltr'><strong>alius</strong></span> <span class='ocrx_word' id='word_1_112' title='bbox 693 1477 698 1562; x_wconf 91' lang='grc' dir='ltr'>Ι</span> <span class='ocrx_word' id='word_1_113' title='bbox 718 1479 822 1540; x_wconf 91' lang='lat' dir='ltr'><strong>titulus</strong></span> <span class='ocrx_word' id='word_1_114' title='bbox 845 1478 965 1540; x_wconf 89' lang='lat' dir='ltr'><strong>alterius</strong></span> <span class='ocrx_word' id='word_1_115' title='bbox 993 1477 1123 1540; x_wconf 90' lang='lat' dir='ltr'><strong>nominis</strong></span> <span class='ocrx_word' id='word_1_116' title='bbox 1145 1479 1307 1560; x_wconf 88' lang='lat' dir='ltr'><strong>inscriptos</strong></span> <span class='ocrx_word' id='word_1_117' title='bbox 1326 1476 1331 1560; x_wconf 93' lang='grc' dir='ltr'>Ι</span> <span class='ocrx_word' id='word_1_118' title='bbox 1351 1479 1501 1560; x_wconf 79' lang='lat' dir='ltr'><strong>inligatur,</strong></span> <span class='ocrx_word' id='word_1_119' title='bbox 1530 1492 1561 1541; x_wconf 89' lang='lat' dir='ltr'><strong>et</strong></span> <span class='ocrx_word' id='word_1_120' title='bbox 1583 1493 1653 1560; x_wconf 84' lang='lat' dir='ltr'><strong>post</strong></span> 
     </span>
     <span class='ocr_line' id='line_1_12' title="bbox 366 1577 1652 1665; baseline 0.001 -22"><span class='ocrx_word' id='word_1_121' title='bbox 366 1599 470 1643; x_wconf 90' lang='lat' dir='ltr'><strong>eorum</strong></span> <span class='ocrx_word' id='word_1_122' title='bbox 493 1599 616 1643; x_wconf 85' lang='lat' dir='ltr'><strong>excessu</strong></span> <span class='ocrx_word' id='word_1_123' title='bbox 639 1599 759 1642; x_wconf 89' lang='lat' dir='ltr'><strong>omnem</strong></span> <span class='ocrx_word' id='word_1_124' title='bbox 784 1577 789 1665; x_wconf 89' lang='grc' dir='ltr'>Ι</span> <span class='ocrx_word' id='word_1_125' title='bbox 816 1581 862 1643; x_wconf 90' lang='lat' dir='ltr'><strong>ius</strong></span> <span class='ocrx_word' id='word_1_126' title='bbox 883 1581 971 1642; x_wconf 88' lang='lat' dir='ltr'><strong>buius</strong></span> <span class='ocrx_word' id='word_1_127' title='bbox 994 1581 1168 1642; x_wconf 80' lang='lat' dir='ltr'><strong>monimenti</strong></span> <span class='ocrx_word' id='word_1_128' title='bbox 1197 1582 1233 1642; x_wconf 91' lang='lat' dir='ltr'><strong>ad</strong></span> <span class='ocrx_word' id='word_1_129' title='bbox 1264 1580 1362 1643; x_wconf 90' lang='lat' dir='ltr'><strong>libert.</strong></span> <span class='ocrx_word' id='word_1_130' title='bbox 1384 1582 1543 1661; x_wconf 59' lang='lat' dir='ltr'><strong>liberitasq.</strong></span> <span class='ocrx_word' id='word_1_131' title='bbox 1567 1602 1652 1644; x_wconf 86' lang='lat' dir='ltr'><strong>meos</strong></span> 
     </span>
     <span class='ocr_line' id='line_1_13' title="bbox 365 1680 1651 1766; baseline 0.002 -22"><span class='ocrx_word' id='word_1_132' title='bbox 365 1695 396 1746; x_wconf 90' lang='lat' dir='ltr'><strong>et</strong></span> <span class='ocrx_word' id='word_1_133' title='bbox 409 1695 558 1765; x_wconf 89' lang='lat' dir='ltr'><strong>posttcros</strong></span> <span class='ocrx_word' id='word_1_134' title='bbox 571 1689 633 1757; x_wconf 79' lang='lat' dir='ltr'><strong>(rie)</strong></span> <span class='ocrx_word' id='word_1_135' title='bbox 651 1702 712 1745; x_wconf 91' lang='lat' dir='ltr'><strong>eor.</strong></span> <span class='ocrx_word' id='word_1_136' title='bbox 730 1684 880 1763; x_wconf 83' lang='lat' dir='ltr'><strong>pertinere</strong></span> <span class='ocrx_word' id='word_1_137' title='bbox 895 1684 970 1745; x_wconf 87' lang='lat' dir='ltr'><strong>volo.</strong></span> <span class='ocrx_word' id='word_1_138' title='bbox 992 1680 997 1766; x_wconf 92' lang='grc' dir='ltr'>Ι</span> <span class='ocrx_word' id='word_1_139' title='bbox 1017 1683 1050 1744; x_wconf 94' lang='lat' dir='ltr'><strong>ln</strong></span> <span class='ocrx_word' id='word_1_140' title='bbox 1067 1684 1152 1758; x_wconf 60' lang='lat' dir='ltr'><strong>iren„</strong></span> <span class='ocrx_word' id='word_1_141' title='bbox 1163 1703 1192 1763; x_wconf 88' lang='lat' dir='ltr'><strong>p.</strong></span> <span class='ocrx_word' id='word_1_142' title='bbox 1206 1682 1353 1758; x_wconf 77' lang='lat' dir='ltr'>XXXVII,</span> <span class='ocrx_word' id='word_1_143' title='bbox 1377 1683 1504 1747; x_wconf 86' lang='lat' dir='ltr'><strong>bersur.¹</strong></span> <span class='ocrx_word' id='word_1_144' title='bbox 1519 1686 1651 1747; x_wconf 77' lang='lat' dir='ltr'><strong>sinister.</strong></span> 
     </span>
     <span class='ocr_line' id='line_1_14' title="bbox 364 1783 1030 1871; baseline -0.006 -22"><span class='ocrx_word' id='word_1_145' title='bbox 364 1807 394 1868; x_wconf 88' lang='lat' dir='ltr'><strong>p.</strong></span> <span class='ocrx_word' id='word_1_146' title='bbox 409 1787 502 1859; x_wconf 84' lang='lat' dir='ltr'><strong>xtv;</strong></span> <span class='ocrx_word' id='word_1_147' title='bbox 522 1783 527 1871; x_wconf 95' lang='grc' dir='ltr'>Ι</span> <span class='ocrx_word' id='word_1_148' title='bbox 553 1788 583 1848; x_wconf 94' lang='lat' dir='ltr'><strong>in</strong></span> <span class='ocrx_word' id='word_1_149' title='bbox 607 1806 679 1866; x_wconf 84' lang='lat' dir='ltr'><strong>agro</strong></span> <span class='ocrx_word' id='word_1_150' title='bbox 703 1787 799 1866; x_wconf 82' lang='lat' dir='ltr'><strong>paries</strong></span> <span class='ocrx_word' id='word_1_151' title='bbox 822 1787 903 1865; x_wconf 79' lang='lat' dir='ltr'><strong>long.</strong></span> <span class='ocrx_word' id='word_1_152' title='bbox 926 1805 956 1865; x_wconf 87' lang='lat' dir='ltr'><strong>p.</strong></span> <span class='ocrx_word' id='word_1_153' title='bbox 972 1784 1030 1846; x_wconf 91' lang='lat' dir='ltr'><strong>LV.</strong></span> 
     </span>
    </p>

    <p class='ocr_par' dir='ltr' id='par_1_6' title="bbox 452 1885 1210 1954">
     <span class='ocr_line' id='line_1_15' title="bbox 452 1885 1210 1954; baseline -0.005 -14"><span class='ocrx_word' id='word_1_154' title='bbox 452 1887 549 1940; x_wconf 84' lang='lat' dir='ltr'><strong>lionrae</strong></span> <span class='ocrx_word' id='word_1_155' title='bbox 567 1887 619 1954; x_wconf 92' lang='lat' dir='ltr'><strong>(Vl</strong></span> <span class='ocrx_word' id='word_1_156' title='bbox 636 1887 717 1940; x_wconf 75' lang='grc'><strong><em>40940</em></strong></span> <span class='ocrx_word' id='word_1_157' title='bbox 736 1887 804 1937; x_wconf 83' lang='lat' dir='ltr'><strong>cidit</strong></span> <span class='ocrx_word' id='word_1_158' title='bbox 822 1888 854 1937; x_wconf 85' lang='lat' dir='ltr'><strong>de</strong></span> <span class='ocrx_word' id='word_1_159' title='bbox 865 1885 965 1953; x_wconf 70' lang='lat' dir='ltr'><strong>Rosea).</strong></span> <span class='ocrx_word' id='word_1_160' title='bbox 984 1915 1017 1924; x_wconf 91' lang='lat'><em>-</em></span> <span class='ocrx_word' id='word_1_161' title='bbox 1038 1889 1062 1950; x_wconf 91' lang='grc'><strong>1)</strong></span> <span class='ocrx_word' id='word_1_162' title='bbox 1081 1886 1210 1937; x_wconf 82' lang='lat' dir='ltr'><strong>Verrure.</strong></span> 
     </span>
    </p>
   </div>
   <div class='ocr_carea' id='block_1_6' title="bbox 364 2023 1651 2315">
    <p class='ocr_par' dir='ltr' id='par_1_7' title="bbox 364 2023 1651 2315">
     <span class='ocr_line' id='line_1_16' title="bbox 449 2023 1651 2112; baseline -0.005 -16"><span class='ocrx_word' id='word_1_163' title='bbox 449 2025 536 2098; x_wconf 72' lang='lat'><strong>8267</strong></span> <span class='ocrx_word' id='word_1_164' title='bbox 580 2028 608 2088; x_wconf 95' lang='lat' dir='ltr'><strong>d.</strong></span> <span class='ocrx_word' id='word_1_165' title='bbox 632 2048 670 2089; x_wconf 92' lang='lat' dir='ltr'><strong>m.</strong></span> <span class='ocrx_word' id='word_1_166' title='bbox 691 2025 696 2112; x_wconf 98' lang='grc' dir='ltr'>Ι</span> <span class='ocrx_word' id='word_1_167' title='bbox 720 2028 753 2089; x_wconf 91' lang='lat' dir='ltr'><strong>P.</strong></span> <span class='ocrx_word' id='word_1_168' title='bbox 775 2028 875 2089; x_wconf 81' lang='lat' dir='ltr'><strong>delius</strong></span> <span class='ocrx_word' id='word_1_169' title='bbox 896 2030 971 2107; x_wconf 79' lang='lat' dir='ltr'><strong>Aug.</strong></span> <span class='ocrx_word' id='word_1_170' title='bbox 995 2026 1046 2089; x_wconf 92' lang='lat' dir='ltr'><strong>lib.</strong></span> <span class='ocrx_word' id='word_1_171' title='bbox 1071 2026 1234 2088; x_wconf 85' lang='lat' dir='ltr'><strong>Restitutus</strong></span> <span class='ocrx_word' id='word_1_172' title='bbox 1258 2023 1263 2108; x_wconf 96' lang='grc' dir='ltr'>Ι</span> <span class='ocrx_word' id='word_1_173' title='bbox 1288 2038 1467 2108; x_wconf 88' lang='lat' dir='ltr'><strong>procurator</strong></span> <span class='ocrx_word' id='word_1_174' title='bbox 1489 2037 1519 2089; x_wconf 88' lang='lat' dir='ltr'><strong>et</strong></span> <span class='ocrx_word' id='word_1_175' title='bbox 1540 2029 1596 2090; x_wconf 89' lang='lat' dir='ltr'><strong>sibi</strong></span> <span class='ocrx_word' id='word_1_176' title='bbox 1619 2040 1651 2090; x_wconf 87' lang='lat' dir='ltr'><strong>et</strong></span> 
     </span>
     <span class='ocr_line' id='line_1_17' title="bbox 364 2124 1647 2214; baseline -0.002 -20"><span class='ocrx_word' id='word_1_177' title='bbox 364 2132 478 2194; x_wconf 87' lang='lat' dir='ltr'><strong>libertis</strong></span> <span class='ocrx_word' id='word_1_178' title='bbox 496 2129 501 2214; x_wconf 96' lang='grc' dir='ltr'>Ι</span> <span class='ocrx_word' id='word_1_179' title='bbox 521 2128 746 2208; x_wconf 86' lang='lat' dir='ltr'><strong>libertabusque</strong></span> <span class='ocrx_word' id='word_1_180' title='bbox 769 2128 830 2190; x_wconf 84' lang='lat' dir='ltr'><strong>suis</strong></span> <span class='ocrx_word' id='word_1_181' title='bbox 853 2131 893 2199; x_wconf 78' lang='lat' dir='ltr'><strong>l.¹.</strong></span> <span class='ocrx_word' id='word_1_182' title='bbox 923 2129 992 2190; x_wconf 84' lang='lat' dir='ltr'><strong>item</strong></span> <span class='ocrx_word' id='word_1_183' title='bbox 1015 2130 1051 2190; x_wconf 89' lang='lat' dir='ltr'><strong>ils</strong></span> <span class='ocrx_word' id='word_1_184' title='bbox 1074 2124 1079 2212; x_wconf 95' lang='grc' dir='ltr'>Ι</span> <span class='ocrx_word' id='word_1_185' title='bbox 1105 2148 1181 2209; x_wconf 90' lang='lat' dir='ltr'><strong>quos</strong></span> <span class='ocrx_word' id='word_1_186' title='bbox 1203 2148 1235 2190; x_wconf 90' lang='lat' dir='ltr'><strong>sc</strong></span> <span class='ocrx_word' id='word_1_187' title='bbox 1258 2130 1321 2190; x_wconf 89' lang='lat' dir='ltr'><strong>vius</strong></span> <span class='ocrx_word' id='word_1_188' title='bbox 1344 2130 1514 2192; x_wconf 81' lang='lat' dir='ltr'><strong>manumisit</strong></span> <span class='ocrx_word' id='word_1_189' title='bbox 1538 2127 1591 2214; x_wconf 75' lang='grc' dir='ltr'><strong>εῑΙ</strong></span> <span class='ocrx_word' id='word_1_190' title='bbox 1616 2132 1647 2191; x_wconf 90' lang='lat' dir='ltr'><strong>in</strong></span> 
     </span>
     <span class='ocr_line' id='line_1_18' title="bbox 366 2227 1648 2315; baseline -0.003 -19"><span class='ocrx_word' id='word_1_191' title='bbox 366 2251 525 2296; x_wconf 89' lang='lat' dir='ltr'><strong>numerum</strong></span> <span class='ocrx_word' id='word_1_192' title='bbox 547 2232 723 2294; x_wconf 91' lang='lat' dir='ltr'><strong>libertorum</strong></span> <span class='ocrx_word' id='word_1_193' title='bbox 747 2227 905 2315; x_wconf 75' lang='lat' dir='ltr'><strong>orldinarit</strong></span> <span class='ocrx_word' id='word_1_194' title='bbox 928 2243 956 2292; x_wconf 91' lang='lat' dir='ltr'><strong>et</strong></span> <span class='ocrx_word' id='word_1_195' title='bbox 978 2231 1149 2293; x_wconf 82' lang='lat' dir='ltr'><strong>collibertos</strong></span> <span class='ocrx_word' id='word_1_196' title='bbox 1170 2250 1241 2292; x_wconf 90' lang='lat' dir='ltr'><strong>suos</strong></span> <span class='ocrx_word' id='word_1_197' title='bbox 1262 2231 1340 2304; x_wconf 86' lang='lat' dir='ltr'><strong>lecit,</strong></span> <span class='ocrx_word' id='word_1_198' title='bbox 1361 2227 1367 2314; x_wconf 96' lang='grc' dir='ltr'>Ι</span> <span class='ocrx_word' id='word_1_199' title='bbox 1386 2233 1574 2312; x_wconf 85' lang='lat' dir='ltr'><strong>posterisque</strong></span> <span class='ocrx_word' id='word_1_200' title='bbox 1598 2253 1648 2293; x_wconf 83' lang='lat' dir='ltr'><strong>eo·</strong></span> 
     </span>
    </p>
   </div>
   <div class='ocr_carea' id='block_1_7' title="bbox 363 2334 1566 2501">
    <p class='ocr_par' dir='ltr' id='par_1_8' title="bbox 363 2334 1566 2501">
     <span class='ocr_line' id='line_1_19' title="bbox 363 2334 738 2398; baseline -0.005 -1"><span class='ocrx_word' id='word_1_201' title='bbox 363 2355 441 2398; x_wconf 91' lang='lat' dir='ltr'><strong>rum.</strong></span> <span class='ocrx_word' id='word_1_202' title='bbox 487 2336 522 2396; x_wconf 92' lang='lat' dir='ltr'><strong>ll.</strong></span> <span class='ocrx_word' id='word_1_203' title='bbox 545 2352 585 2395; x_wconf 91' lang='lat' dir='ltr'><strong>m.</strong></span> <span class='ocrx_word' id='word_1_204' title='bbox 607 2334 637 2394; x_wconf 94' lang='lat' dir='ltr'><strong>b.</strong></span> <span class='ocrx_word' id='word_1_205' title='bbox 660 2353 691 2394; x_wconf 90' lang='lat' dir='ltr'><strong>n.</strong></span> <span class='ocrx_word' id='word_1_206' title='bbox 715 2353 738 2396; x_wconf 89' lang='lat' dir='ltr'><strong>s.</strong></span> 
     </span>
     <span class='ocr_line' id='line_1_20' title="bbox 450 2335 1566 2501; baseline 0 -15"><span class='ocrx_word' id='word_1_207' title='bbox 450 2335 533 2488; x_wconf 68' lang='lat' dir='ltr'><strong>borno</strong></span> <span class='ocrx_word' id='word_1_208' title='bbox 552 2439 584 2486; x_wconf 82' lang='lat' dir='ltr'><strong>ut</strong></span> <span class='ocrx_word' id='word_1_209' title='bbox 603 2435 708 2484; x_wconf 81' lang='lat' dir='ltr'><strong>ridetur·</strong></span> <span class='ocrx_word' id='word_1_210' title='bbox 725 2433 893 2484; x_wconf 78' lang='lat' dir='ltr'><strong>Florentiam</strong></span> <span class='ocrx_word' id='word_1_211' title='bbox 912 2433 997 2484; x_wconf 86' lang='lat' dir='ltr'><strong>allato</strong></span> <span class='ocrx_word' id='word_1_212' title='bbox 1016 2432 1070 2494; x_wconf 85' lang='lat' dir='ltr'><strong>(VI</strong></span> <span class='ocrx_word' id='word_1_213' title='bbox 1078 2435 1143 2485; x_wconf 89' lang='grc'><strong><em>9040</em></strong></span> <span class='ocrx_word' id='word_1_214' title='bbox 1162 2435 1232 2484; x_wconf 83' lang='lat' dir='ltr'><strong>vidit</strong></span> <span class='ocrx_word' id='word_1_215' title='bbox 1246 2431 1372 2501; x_wconf 76' lang='lat' dir='ltr'><strong>Heraean).</strong></span> <span class='ocrx_word' id='word_1_216' title='bbox 1384 2462 1419 2471; x_wconf 96' lang='lat'><em>-</em></span> <span class='ocrx_word' id='word_1_217' title='bbox 1439 2436 1463 2500; x_wconf 88' lang='lat'><strong>1)</strong></span> <span class='ocrx_word' id='word_1_218' title='bbox 1481 2435 1566 2486; x_wconf 80' lang='lat' dir='ltr'><strong>Fecit.</strong></span> 
     </span>
    </p>
   </div>
   <div class='ocr_carea' id='block_1_8' title="bbox 363 2544 516 2554">
    <p class='ocr_par' dir='ltr' id='par_1_9' title="bbox 363 2544 516 2554">
     <span class='ocr_line' id='line_1_21' title="bbox 363 2544 516 2554; baseline -0.026 0"><span class='ocrx_word' id='word_1_219' title='bbox 363 2544 516 2554; x_wconf 50' lang='lat' dir='ltr'><strong>——oe—</strong></span> 
     </span>
    </p>
   </div>
   <div class='ocr_carea' id='block_1_9' title="bbox 364 2586 1649 2884">
    <p class='ocr_par' dir='ltr' id='par_1_10' title="bbox 364 2586 1649 2884">
     <span class='ocr_line' id='line_1_22' title="bbox 447 2586 1649 2677; baseline -0.001 -22"><span class='ocrx_word' id='word_1_220' title='bbox 447 2591 536 2664; x_wconf 79' lang='grc'><strong>8268</strong></span> <span class='ocrx_word' id='word_1_221' title='bbox 579 2595 636 2655; x_wconf 92' lang='lat' dir='ltr'><strong>boc</strong></span> <span class='ocrx_word' id='word_1_222' title='bbox 658 2587 853 2677; x_wconf 85' lang='lat' dir='ltr'><strong>sepulcr[um]</strong></span> <span class='ocrx_word' id='word_1_223' title='bbox 878 2597 1071 2671; x_wconf 78' lang='lat' dir='ltr'><strong>frequentent</strong></span> <span class='ocrx_word' id='word_1_224' title='bbox 1091 2611 1108 2652; x_wconf 89' lang='lat' dir='ltr'><strong>a</strong></span> <span class='ocrx_word' id='word_1_225' title='bbox 1130 2611 1178 2653; x_wconf 90' lang='lat' dir='ltr'><strong>mc</strong></span> <span class='ocrx_word' id='word_1_226' title='bbox 1198 2589 1202 2674; x_wconf 95' lang='grc' dir='ltr'>Ι</span> <span class='ocrx_word' id='word_1_227' title='bbox 1230 2593 1282 2671; x_wconf 90' lang='lat' dir='ltr'><strong>qui</strong></span> <span class='ocrx_word' id='word_1_228' title='bbox 1304 2593 1365 2654; x_wconf 90' lang='lat' dir='ltr'><strong>sint</strong></span> <span class='ocrx_word' id='word_1_229' title='bbox 1386 2590 1470 2653; x_wconf 88' lang='lat' dir='ltr'><strong>liberi</strong></span> <span class='ocrx_word' id='word_1_230' title='bbox 1494 2586 1649 2677; x_wconf 85' lang='lat' dir='ltr'><strong>c[irc]um-</strong></span> 
     </span>
     <span class='ocr_line' id='line_1_23' title="bbox 364 2691 1649 2778; baseline 0.002 -24"><span class='ocrx_word' id='word_1_231' title='bbox 364 2700 480 2761; x_wconf 83' lang='lat' dir='ltr'><strong>versos¹</strong></span> <span class='ocrx_word' id='word_1_232' title='bbox 505 2715 580 2775; x_wconf 92' lang='lat' dir='ltr'><strong>quos</strong></span> <span class='ocrx_word' id='word_1_233' title='bbox 602 2691 778 2778; x_wconf 70' lang='lat' dir='ltr'><strong>relinlquam</strong></span> <span class='ocrx_word' id='word_1_234' title='bbox 801 2696 846 2755; x_wconf 92' lang='lat' dir='ltr'><strong>vel</strong></span> <span class='ocrx_word' id='word_1_235' title='bbox 869 2695 1034 2756; x_wconf 81' lang='lat' dir='ltr'><strong>manumitti</strong></span> <span class='ocrx_word' id='word_1_236' title='bbox 1057 2694 1179 2766; x_wconf 77' lang='lat' dir='ltr'><strong>volam’,</strong></span> <span class='ocrx_word' id='word_1_237' title='bbox 1209 2703 1238 2754; x_wconf 87' lang='lat' dir='ltr'><strong>at</strong></span> <span class='ocrx_word' id='word_1_238' title='bbox 1260 2705 1407 2775; x_wconf 89' lang='lat' dir='ltr'><strong>postrema</strong></span> <span class='ocrx_word' id='word_1_239' title='bbox 1427 2699 1433 2775; x_wconf 90' lang='grc' dir='ltr'>Ι</span> <span class='ocrx_word' id='word_1_240' title='bbox 1452 2705 1551 2775; x_wconf 83' lang='lat' dir='ltr'><strong>pateat</strong></span> <span class='ocrx_word' id='word_1_241' title='bbox 1576 2696 1649 2776; x_wconf 82' lang='lat' dir='ltr'><strong>ipsis</strong></span> 
     </span>
     <span class='ocr_line' id='line_1_24' title="bbox 364 2792 1649 2884; baseline -0.003 -21"><span class='ocrx_word' id='word_1_242' title='bbox 364 2802 475 2881; x_wconf 79' lang='lat' dir='ltr'><strong>quique</strong></span> <span class='ocrx_word' id='word_1_243' title='bbox 498 2819 534 2860; x_wconf 86' lang='lat' dir='ltr'><strong>ex</strong></span> <span class='ocrx_word' id='word_1_244' title='bbox 556 2801 581 2860; x_wconf 91' lang='lat' dir='ltr'><strong>is</strong></span> <span class='ocrx_word' id='word_1_245' title='bbox 603 2792 831 2884; x_wconf 85' lang='lat' dir='ltr'><strong>prov[e]nerint.</strong></span> <span class='ocrx_word' id='word_1_246' title='bbox 852 2793 857 2880; x_wconf 99' lang='grc' dir='ltr'>Ι</span> <span class='ocrx_word' id='word_1_247' title='bbox 877 2796 996 2857; x_wconf 82' lang='lat' dir='ltr'><strong>Volusio</strong></span> <span class='ocrx_word' id='word_1_248' title='bbox 1012 2796 1048 2868; x_wconf 84' lang='lat' dir='ltr'><strong>Q.</strong></span> <span class='ocrx_word' id='word_1_249' title='bbox 1066 2797 1084 2855; x_wconf 86' lang='lat' dir='ltr'><strong>l.</strong></span> <span class='ocrx_word' id='word_1_250' title='bbox 1101 2794 1151 2858; x_wconf 90' lang='lat' dir='ltr'><strong>Pia</strong></span> <span class='ocrx_word' id='word_1_251' title='bbox 1167 2797 1263 2857; x_wconf 82' lang='lat' dir='ltr'><strong>Annia</strong></span> <span class='ocrx_word' id='word_1_252' title='bbox 1281 2801 1302 2857; x_wconf 85' lang='grc' dir='ltr'>Α</span> <span class='ocrx_word' id='word_1_253' title='bbox 1317 2841 1409 2856; x_wconf 92' lang='lat'><strong>.....</strong></span> <span class='ocrx_word' id='word_1_254' title='bbox 1423 2815 1460 2856; x_wconf 90' lang='lat' dir='ltr'><strong>na</strong></span> <span class='ocrx_word' id='word_1_255' title='bbox 1479 2797 1484 2880; x_wconf 92' lang='grc' dir='ltr'>Ι</span> <span class='ocrx_word' id='word_1_256' title='bbox 1504 2798 1548 2859; x_wconf 91' lang='lat' dir='ltr'><strong>sic</strong></span> <span class='ocrx_word' id='word_1_257' title='bbox 1563 2815 1649 2859; x_wconf 87' lang='lat' dir='ltr'><strong>man-</strong></span> 
     </span>
    </p>
   </div>
   <div class='ocr_carea' id='block_1_10' title="bbox 360 2895 1649 3327">
    <p class='ocr_par' dir='ltr' id='par_1_11' title="bbox 363 2895 1024 2987">
     <span class='ocr_line' id='line_1_25' title="bbox 363 2895 1024 2987; baseline -0.012 -21"><span class='ocrx_word' id='word_1_258' title='bbox 363 2906 438 2978; x_wconf 88' lang='lat' dir='ltr'><strong>davi,</strong></span> <span class='ocrx_word' id='word_1_259' title='bbox 461 2903 504 2964; x_wconf 91' lang='lat' dir='ltr'><strong>sic</strong></span> <span class='ocrx_word' id='word_1_260' title='bbox 528 2895 617 2987; x_wconf 78' lang='lat' dir='ltr'><strong>[fio]t.</strong></span> <span class='ocrx_word' id='word_1_261' title='bbox 637 2896 643 2984; x_wconf 94' lang='grc' dir='ltr'>Ι</span> <span class='ocrx_word' id='word_1_262' title='bbox 663 2900 714 2961; x_wconf 83' lang='lat' dir='ltr'><strong>llis</strong></span> <span class='ocrx_word' id='word_1_263' title='bbox 737 2898 874 2960; x_wconf 89' lang='lat' dir='ltr'><strong>manibus</strong></span> <span class='ocrx_word' id='word_1_264' title='bbox 896 2917 1024 2961; x_wconf 88' lang='lat' dir='ltr'><strong>sacrum.</strong></span> 
     </span>
    </p>

    <p class='ocr_par' dir='ltr' id='par_1_12' title="bbox 360 2996 1649 3327">
     <span class='ocr_line' id='line_1_26' title="bbox 449 2996 1649 3067; baseline -0.006 -12"><span class='ocrx_word' id='word_1_265' title='bbox 449 3004 525 3055; x_wconf 77' lang='lat' dir='ltr'><strong>Baiis</strong></span> <span class='ocrx_word' id='word_1_266' title='bbox 541 3016 610 3066; x_wconf 67' lang='lat' dir='ltr'><strong>rep„</strong></span> <span class='ocrx_word' id='word_1_267' title='bbox 636 3004 674 3050; x_wconf 85' lang='lat' dir='ltr'><strong>ert</strong></span> <span class='ocrx_word' id='word_1_268' title='bbox 691 2996 808 3066; x_wconf 78' lang='lat' dir='ltr'><strong>Neapoli</strong></span> <span class='ocrx_word' id='word_1_269' title='bbox 830 2998 867 3067; x_wconf 85' lang='lat' dir='ltr'><strong>(X</strong></span> <span class='ocrx_word' id='word_1_270' title='bbox 881 3000 947 3052; x_wconf 78' lang='grc'><strong><em>8447</em></strong></span> <span class='ocrx_word' id='word_1_271' title='bbox 969 2999 1037 3049; x_wconf 84' lang='lat' dir='ltr'><strong>vidit</strong></span> <span class='ocrx_word' id='word_1_272' title='bbox 1056 2998 1199 3048; x_wconf 78' lang='lat' dir='ltr'><strong>Mommsen</strong></span> <span class='ocrx_word' id='word_1_273' title='bbox 1221 3001 1330 3064; x_wconf 81' lang='lat' dir='ltr'><strong>praeter</strong></span> <span class='ocrx_word' id='word_1_274' title='bbox 1344 2997 1497 3063; x_wconf 75' lang='lat' dir='ltr'><strong>particulae</strong></span> <span class='ocrx_word' id='word_1_275' title='bbox 1517 2999 1649 3063; x_wconf 63' lang='lat' dir='ltr'><strong>quaedam</strong></span> 
     </span>
     <span class='ocr_line' id='line_1_27' title="bbox 362 3082 1648 3152; baseline -0.005 -12"><span class='ocrx_word' id='word_1_276' title='bbox 362 3094 484 3140; x_wconf 79' lang='lat' dir='ltr'><strong>seruatae</strong></span> <span class='ocrx_word' id='word_1_277' title='bbox 496 3105 513 3138; x_wconf 87' lang='lat' dir='ltr'><strong>a</strong></span> <span class='ocrx_word' id='word_1_278' title='bbox 527 3084 711 3152; x_wconf 79' lang='lat' dir='ltr'><strong>Miner-einis).</strong></span> <span class='ocrx_word' id='word_1_279' title='bbox 722 3113 758 3123; x_wconf 94' lang='lat'><em>-</em></span> <span class='ocrx_word' id='word_1_280' title='bbox 776 3086 801 3148; x_wconf 88' lang='lat'><strong>1)</strong></span> <span class='ocrx_word' id='word_1_281' title='bbox 819 3083 960 3149; x_wconf 81' lang='lat' dir='ltr'><strong>Supplevit</strong></span> <span class='ocrx_word' id='word_1_282' title='bbox 971 3083 1123 3135; x_wconf 81' lang='lat' dir='ltr'><strong>Mommsen.</strong></span> <span class='ocrx_word' id='word_1_283' title='bbox 1151 3082 1350 3148; x_wconf 73' lang='lat' dir='ltr'><strong>Signifieautar</strong></span> <span class='ocrx_word' id='word_1_284' title='bbox 1361 3085 1519 3134; x_wconf 75' lang='lat' dir='ltr'><strong>moriemimi</strong></span> <span class='ocrx_word' id='word_1_285' title='bbox 1526 3099 1579 3147; x_wconf 80' lang='lat' dir='ltr'><strong>per</strong></span> <span class='ocrx_word' id='word_1_286' title='bbox 1590 3087 1648 3134; x_wconf 83' lang='lat' dir='ltr'><strong>virt·</strong></span> 
     </span>
     <span class='ocr_line' id='line_1_28' title="bbox 364 3168 1648 3237; baseline -0.005 -12"><span class='ocrx_word' id='word_1_287' title='bbox 364 3174 477 3237; x_wconf 75' lang='lat' dir='ltr'><strong>dictam,</strong></span> <span class='ocrx_word' id='word_1_288' title='bbox 501 3171 536 3232; x_wconf 78' lang='lat' dir='ltr'><strong>cf.</strong></span> <span class='ocrx_word' id='word_1_289' title='bbox 555 3169 716 3234; x_wconf 79' lang='lat' dir='ltr'><strong>Quintilian.</strong></span> <span class='ocrx_word' id='word_1_290' title='bbox 734 3168 799 3220; x_wconf 77' lang='lat' dir='ltr'><strong>dect</strong></span> <span class='ocrx_word' id='word_1_291' title='bbox 817 3169 886 3221; x_wconf 79' lang='lat' dir='ltr'><strong>ate:</strong></span> <span class='ocrx_word' id='word_1_292' title='bbox 908 3171 998 3220; x_wconf 74' lang='lat' dir='ltr'><strong>maius</strong></span> <span class='ocrx_word' id='word_1_293' title='bbox 1080 3172 1242 3220; x_wconf 82' lang='lat' dir='ltr'><strong>momentum</strong></span> <span class='ocrx_word' id='word_1_294' title='bbox 1260 3173 1293 3219; x_wconf 80' lang='lat' dir='ltr'><strong>ut</strong></span> <span class='ocrx_word' id='word_1_295' title='bbox 1310 3171 1529 3218; x_wconf 74' lang='lat' dir='ltr'><strong>circumve-teror</strong></span> <span class='ocrx_word' id='word_1_296' title='bbox 1547 3173 1648 3220; x_wconf 82' lang='lat' dir='ltr'><strong>marrai-</strong></span> 
     </span>
     <span class='ocr_line' id='line_1_29' title="bbox 360 3252 1647 3327; baseline -0.004 -18"><span class='ocrx_word' id='word_1_297' title='bbox 360 3262 450 3327; x_wconf 81' lang='lat' dir='ltr'><strong>pium,</strong></span> <span class='ocrx_word' id='word_1_298' title='bbox 469 3261 517 3308; x_wconf 75' lang='lat' dir='ltr'><strong>aui</strong></span> <span class='ocrx_word' id='word_1_299' title='bbox 535 3260 560 3306; x_wconf 80' lang='lat' dir='ltr'><strong>ri</strong></span> <span class='ocrx_word' id='word_1_300' title='bbox 576 3271 632 3306; x_wconf 83' lang='lat' dir='ltr'><strong>una</strong></span> <span class='ocrx_word' id='word_1_301' title='bbox 651 3269 713 3305; x_wconf 86' lang='lat' dir='ltr'><strong>once</strong></span> <span class='ocrx_word' id='word_1_302' title='bbox 732 3255 846 3306; x_wconf 83' lang='lat' dir='ltr'><strong>liberum</strong></span> <span class='ocrx_word' id='word_1_303' title='bbox 864 3271 918 3306; x_wconf 81' lang='lat' dir='ltr'><strong>esee</strong></span> <span class='ocrx_word' id='word_1_304' title='bbox 935 3259 1052 3307; x_wconf 77' lang='lat' dir='ltr'><strong>iusseris.</strong></span> <span class='ocrx_word' id='word_1_305' title='bbox 1070 3283 1105 3294; x_wconf 93' lang='lat'><em>-</em></span> <span class='ocrx_word' id='word_1_306' title='bbox 1129 3257 1156 3320; x_wconf 81' lang='lat'><strong>2)</strong></span> <span class='ocrx_word' id='word_1_307' title='bbox 1175 3252 1376 3319; x_wconf 73' lang='lat' dir='ltr'><strong>significantur</strong></span> <span class='ocrx_word' id='word_1_308' title='bbox 1395 3255 1554 3303; x_wconf 77' lang='lat' dir='ltr'><strong>manumissi</strong></span> <span class='ocrx_word' id='word_1_309' title='bbox 1570 3256 1647 3304; x_wconf 70' lang='lat' dir='ltr'><strong>ncta-</strong></span> 
     </span>
    </p>
   </div>
   <div class='ocr_carea' id='block_1_11' title="bbox 362 3341 1645 3492">
    <p class='ocr_par' dir='ltr' id='par_1_13' title="bbox 362 3341 1645 3492">
     <span class='ocr_line' id='line_1_30' title="bbox 362 3341 627 3408; baseline 0 -14"><span class='ocrx_word' id='word_1_310' title='bbox 362 3347 451 3394; x_wconf 78' lang='lat' dir='ltr'><strong>merrto</strong></span> <span class='ocrx_word' id='word_1_311' title='bbox 471 3341 627 3408; x_wconf 71' lang='lat' dir='ltr'><strong>(Momm).</strong></span> 
     </span>
     <span class='ocr_line' id='line_1_31' title="bbox 450 3423 1645 3492; baseline -0.008 -12"><span class='ocrx_word' id='word_1_312' title='bbox 450 3427 581 3480; x_wconf 81' lang='lat' dir='ltr'><strong>Similiter</strong></span> <span class='ocrx_word' id='word_1_313' title='bbox 599 3425 639 3477; x_wconf 88' lang='lat' dir='ltr'><strong>Vl</strong></span> <span class='ocrx_word' id='word_1_314' title='bbox 650 3425 744 3477; x_wconf 85' lang='grc'><strong><em>48404.·</em></strong></span> <span class='ocrx_word' id='word_1_315' title='bbox 766 3423 865 3476; x_wconf 85' lang='lat' dir='ltr'><strong>libertis</strong></span> <span class='ocrx_word' id='word_1_316' title='bbox 883 3424 1076 3492; x_wconf 87' lang='lat' dir='ltr'><strong>libertabnsque</strong></span> <span class='ocrx_word' id='word_1_317' title='bbox 1095 3438 1161 3492; x_wconf 87' lang='lat' dir='ltr'><strong>qnos</strong></span> <span class='ocrx_word' id='word_1_318' title='bbox 1179 3423 1315 3474; x_wconf 80' lang='lat' dir='ltr'><strong>manumisi</strong></span> <span class='ocrx_word' id='word_1_319' title='bbox 1335 3429 1360 3473; x_wconf 89' lang='lat' dir='ltr'><strong>et</strong></span> <span class='ocrx_word' id='word_1_320' title='bbox 1379 3437 1446 3491; x_wconf 85' lang='lat' dir='ltr'><strong>quoe</strong></span> <span class='ocrx_word' id='word_1_321' title='bbox 1466 3423 1645 3474; x_wconf 80' lang='lat' dir='ltr'><strong>manumisero.</strong></span> 
     </span>
    </p>
   </div>
   <div class='ocr_carea' id='block_1_12' title="bbox 362 3509 1492 3577">
    <p class='ocr_par' dir='ltr' id='par_1_14' title="bbox 362 3509 1492 3577">
     <span class='ocr_line' id='line_1_32' title="bbox 362 3509 1492 3577; baseline -0.004 -11"><span class='ocrx_word' id='word_1_322' title='bbox 362 3515 440 3566; x_wconf 85' lang='lat' dir='ltr'><strong>Adde</strong></span> <span class='ocrx_word' id='word_1_323' title='bbox 456 3511 520 3564; x_wconf 80' lang='lat' dir='ltr'><strong>XIV</strong></span> <span class='ocrx_word' id='word_1_324' title='bbox 530 3511 600 3564; x_wconf 77' lang='lat'><strong>582.-</strong></span> <span class='ocrx_word' id='word_1_325' title='bbox 624 3511 744 3572; x_wconf 61' lang='lat' dir='ltr'><strong>luterus]</strong></span> <span class='ocrx_word' id='word_1_326' title='bbox 763 3547 790 3560; x_wconf 93' lang='lat'><strong>..</strong></span> <span class='ocrx_word' id='word_1_327' title='bbox 810 3524 876 3577; x_wconf 88' lang='lat' dir='ltr'><strong>quos</strong></span> <span class='ocrx_word' id='word_1_328' title='bbox 895 3515 1051 3561; x_wconf 81' lang='lat' dir='ltr'><strong>testamento</strong></span> <span class='ocrx_word' id='word_1_329' title='bbox 1069 3517 1114 3561; x_wconf 90' lang='lat' dir='ltr'><strong>eut</strong></span> <span class='ocrx_word' id='word_1_330' title='bbox 1131 3509 1275 3573; x_wconf 64' lang='lat' dir='ltr'><strong>domiciliis</strong></span> <span class='ocrx_word' id='word_1_331' title='bbox 1292 3511 1492 3572; x_wconf 76' lang='lat' dir='ltr'><strong>manumissi-ol.</strong></span> 
     </span>
    </p>
   </div>
   <div class='ocr_carea' id='block_1_13' title="bbox 358 3665 1650 4059">
    <p class='ocr_par' dir='ltr' id='par_1_15' title="bbox 358 3665 1650 4059">
     <span class='ocr_line' id='line_1_33' title="bbox 448 3665 1646 3748; baseline -0.003 -19"><span class='ocrx_word' id='word_1_332' title='bbox 448 3666 535 3739; x_wconf 77' lang='grc'><strong><em>8209</em></strong></span> <span class='ocrx_word' id='word_1_333' title='bbox 579 3668 612 3729; x_wconf 83' lang='lat' dir='ltr'><strong>l..</strong></span> <span class='ocrx_word' id='word_1_334' title='bbox 636 3668 759 3728; x_wconf 80' lang='lat' dir='ltr'><strong>Aemilio</strong></span> <span class='ocrx_word' id='word_1_335' title='bbox 783 3669 816 3727; x_wconf 77' lang='grc' dir='ltr'><strong>Ι..</strong></span> <span class='ocrx_word' id='word_1_336' title='bbox 839 3670 858 3727; x_wconf 83' lang='lat' dir='ltr'><strong>f.</strong></span> <span class='ocrx_word' id='word_1_337' title='bbox 883 3667 947 3726; x_wconf 88' lang='lat' dir='ltr'><strong>Vnt.</strong></span> <span class='ocrx_word' id='word_1_338' title='bbox 974 3667 1100 3728; x_wconf 88' lang='lat' dir='ltr'><strong>Proculo</strong></span> <span class='ocrx_word' id='word_1_339' title='bbox 1120 3665 1125 3748; x_wconf 95' lang='grc' dir='ltr'>Ι</span> <span class='ocrx_word' id='word_1_340' title='bbox 1143 3665 1187 3728; x_wconf 65' lang='lat'><strong>2¹</strong></span> <span class='ocrx_word' id='word_1_341' title='bbox 1209 3677 1360 3740; x_wconf 80' lang='lat' dir='ltr'><strong>veterano,</strong></span> <span class='ocrx_word' id='word_1_342' title='bbox 1392 3667 1451 3746; x_wconf 75' lang='lat' dir='ltr'><strong>pr.¹</strong></span> <span class='ocrx_word' id='word_1_343' title='bbox 1472 3666 1581 3737; x_wconf 85' lang='lat' dir='ltr'><strong>Cumis,</strong></span> <span class='ocrx_word' id='word_1_344' title='bbox 1610 3665 1646 3725; x_wconf 93' lang='lat' dir='ltr'><strong>de</strong></span> 
     </span>
     <span class='ocr_line' id='line_1_34' title="bbox 358 3767 1646 3855; baseline -0.005 -20"><span class='ocrx_word' id='word_1_345' title='bbox 358 3771 416 3836; x_wconf 70' lang='lat' dir='ltr'><strong>lle</strong></span> <span class='ocrx_word' id='word_1_346' title='bbox 434 3771 439 3855; x_wconf 98' lang='grc' dir='ltr'>Ι</span> <span class='ocrx_word' id='word_1_347' title='bbox 458 3772 511 3833; x_wconf 96' lang='lat' dir='ltr'><strong>llll</strong></span> <span class='ocrx_word' id='word_1_348' title='bbox 535 3792 575 3833; x_wconf 93' lang='lat' dir='ltr'><strong>m.</strong></span> <span class='ocrx_word' id='word_1_349' title='bbox 600 3791 629 3832; x_wconf 95' lang='lat' dir='ltr'><strong>n.</strong></span> <span class='ocrx_word' id='word_1_350' title='bbox 653 3770 755 3850; x_wconf 84' lang='lat' dir='ltr'><strong>legatis</strong></span> <span class='ocrx_word' id='word_1_351' title='bbox 777 3779 954 3831; x_wconf 88' lang='lat' dir='ltr'><strong>testamento</strong></span> <span class='ocrx_word' id='word_1_352' title='bbox 973 3769 979 3851; x_wconf 95' lang='grc' dir='ltr'>Ι</span> <span class='ocrx_word' id='word_1_353' title='bbox 999 3770 1072 3841; x_wconf 82' lang='lat' dir='ltr'><strong>eius,</strong></span> <span class='ocrx_word' id='word_1_354' title='bbox 1102 3768 1222 3830; x_wconf 80' lang='lat' dir='ltr'><strong>Aemilia</strong></span> <span class='ocrx_word' id='word_1_355' title='bbox 1245 3769 1372 3848; x_wconf 84' lang='lat' dir='ltr'><strong>Ephesia</strong></span> <span class='ocrx_word' id='word_1_356' title='bbox 1395 3787 1470 3830; x_wconf 83' lang='lat' dir='ltr'><strong>uxor·</strong></span> <span class='ocrx_word' id='word_1_357' title='bbox 1490 3767 1495 3847; x_wconf 94' lang='grc' dir='ltr'>Ι</span> <span class='ocrx_word' id='word_1_358' title='bbox 1520 3767 1646 3848; x_wconf 86' lang='lat' dir='ltr'><strong>emplius</strong></span> 
     </span>
     <span class='ocr_line' id='line_1_35' title="bbox 363 3865 1650 3954; baseline -0.006 -16"><span class='ocrx_word' id='word_1_359' title='bbox 363 3876 485 3938; x_wconf 87' lang='lat' dir='ltr'><strong>adiectis</strong></span> <span class='ocrx_word' id='word_1_360' title='bbox 506 3875 543 3936; x_wconf 89' lang='lat' dir='ltr'><strong>de</strong></span> <span class='ocrx_word' id='word_1_361' title='bbox 565 3893 617 3935; x_wconf 89' lang='lat' dir='ltr'><strong>sna</strong></span> <span class='ocrx_word' id='word_1_362' title='bbox 641 3891 752 3954; x_wconf 89' lang='lat' dir='ltr'><strong>pequn.</strong></span> <span class='ocrx_word' id='word_1_363' title='bbox 771 3871 776 3954; x_wconf 93' lang='grc' dir='ltr'>Ι</span> <span class='ocrx_word' id='word_1_364' title='bbox 792 3865 846 3933; x_wconf 79' lang='lat' dir='ltr'><strong>llS</strong></span> <span class='ocrx_word' id='word_1_365' title='bbox 860 3872 898 3933; x_wconf 89' lang='lat' dir='ltr'><strong>Vl</strong></span> <span class='ocrx_word' id='word_1_366' title='bbox 914 3891 954 3934; x_wconf 92' lang='lat' dir='ltr'><strong>m.</strong></span> <span class='ocrx_word' id='word_1_367' title='bbox 971 3891 1012 3946; x_wconf 91' lang='lat' dir='ltr'><strong>n.‚</strong></span> <span class='ocrx_word' id='word_1_368' title='bbox 1034 3872 1090 3933; x_wconf 86' lang='lat' dir='ltr'><strong>sibi</strong></span> <span class='ocrx_word' id='word_1_369' title='bbox 1112 3870 1227 3933; x_wconf 90' lang='lat' dir='ltr'><strong>libertis</strong></span> <span class='ocrx_word' id='word_1_370' title='bbox 1250 3867 1482 3954; x_wconf 72' lang='lat' dir='ltr'><strong>libertabuslque</strong></span> <span class='ocrx_word' id='word_1_371' title='bbox 1503 3869 1650 3951; x_wconf 60' lang='lat' dir='ltr'><strong>posteris-⁴</strong></span> 
     </span>
     <span class='ocr_line' id='line_1_36' title="bbox 364 3970 1646 4059; baseline -0.007 -19"><span class='ocrx_word' id='word_1_372' title='bbox 364 3998 422 4059; x_wconf 89' lang='lat' dir='ltr'><strong>quo</strong></span> <span class='ocrx_word' id='word_1_373' title='bbox 444 3978 506 4040; x_wconf 90' lang='lat' dir='ltr'><strong>suis</strong></span> <span class='ocrx_word' id='word_1_374' title='bbox 528 3987 558 4038; x_wconf 87' lang='lat' dir='ltr'><strong>et</strong></span> <span class='ocrx_word' id='word_1_375' title='bbox 576 3972 582 4059; x_wconf 97' lang='grc' dir='ltr'>Ι</span> <span class='ocrx_word' id='word_1_376' title='bbox 603 3975 731 4056; x_wconf 87' lang='lat' dir='ltr'><strong>Proculi,</strong></span> <span class='ocrx_word' id='word_1_377' title='bbox 755 3975 806 4053; x_wconf 90' lang='lat' dir='ltr'><strong>qui</strong></span> <span class='ocrx_word' id='word_1_378' title='bbox 821 3986 998 4037; x_wconf 88' lang='lat' dir='ltr'><strong>testamento</strong></span> <span class='ocrx_word' id='word_1_379' title='bbox 1017 3974 1022 4058; x_wconf 97' lang='grc' dir='ltr'>Ι</span> <span class='ocrx_word' id='word_1_380' title='bbox 1043 3984 1121 4036; x_wconf 88' lang='lat' dir='ltr'><strong>statu</strong></span> <span class='ocrx_word' id='word_1_381' title='bbox 1139 3973 1283 4035; x_wconf 83' lang='lat' dir='ltr'><strong>libertatis</strong></span> <span class='ocrx_word' id='word_1_382' title='bbox 1305 3973 1398 4034; x_wconf 84' lang='lat' dir='ltr'><strong>relicti</strong></span> <span class='ocrx_word' id='word_1_383' title='bbox 1415 3981 1523 4033; x_wconf 81' lang='lat' dir='ltr'><strong>essent.</strong></span> <span class='ocrx_word' id='word_1_384' title='bbox 1543 3970 1549 4054; x_wconf 97' lang='grc' dir='ltr'>Ι</span> <span class='ocrx_word' id='word_1_385' title='bbox 1571 3971 1646 4032; x_wconf 88' lang='lat' dir='ltr'><strong>lluic</strong></span> 
     </span>
    </p>
   </div>
   <div class='ocr_carea' id='block_1_14' title="bbox 362 4075 1594 4243">
    <p class='ocr_par' dir='ltr' id='par_1_16' title="bbox 362 4075 1594 4243">
     <span class='ocr_line' id='line_1_37' title="bbox 362 4075 1063 4159; baseline -0.006 -17"><span class='ocrx_word' id='word_1_386' title='bbox 362 4081 549 4142; x_wconf 86' lang='lat' dir='ltr'><strong>monimento</strong></span> <span class='ocrx_word' id='word_1_387' title='bbox 571 4078 721 4138; x_wconf 86' lang='lat' dir='ltr'><strong>vendundi</strong></span> <span class='ocrx_word' id='word_1_388' title='bbox 741 4075 746 4159; x_wconf 94' lang='grc' dir='ltr'>Ι</span> <span class='ocrx_word' id='word_1_389' title='bbox 767 4089 897 4158; x_wconf 87' lang='lat' dir='ltr'><strong>potestas</strong></span> <span class='ocrx_word' id='word_1_390' title='bbox 920 4078 993 4138; x_wconf 92' lang='lat' dir='ltr'><strong>nulli</strong></span> <span class='ocrx_word' id='word_1_391' title='bbox 1016 4079 1063 4139; x_wconf 86' lang='lat' dir='ltr'><strong>sit.</strong></span> 
     </span>
     <span class='ocr_line' id='line_1_38' title="bbox 451 4175 1594 4243; baseline -0.01 -11"><span class='ocrx_word' id='word_1_392' title='bbox 451 4181 540 4232; x_wconf 77' lang='lat' dir='ltr'><strong>Cumis</strong></span> <span class='ocrx_word' id='word_1_393' title='bbox 558 4176 679 4240; x_wconf 79' lang='lat' dir='ltr'><strong>(Netiate</strong></span> <span class='ocrx_word' id='word_1_394' title='bbox 696 4178 768 4242; x_wconf 81' lang='lat' dir='ltr'><strong>degli</strong></span> <span class='ocrx_word' id='word_1_395' title='bbox 785 4181 859 4227; x_wconf 72' lang='lat' dir='ltr'><strong>:caui</strong></span> <span class='ocrx_word' id='word_1_396' title='bbox 875 4179 942 4230; x_wconf 88' lang='grc'><strong><em>4898</em></strong></span> <span class='ocrx_word' id='word_1_397' title='bbox 956 4193 984 4243; x_wconf 81' lang='lat' dir='ltr'><strong>p.</strong></span> <span class='ocrx_word' id='word_1_398' title='bbox 997 4176 1068 4243; x_wconf 78' lang='grc'><strong>402).</strong></span> <span class='ocrx_word' id='word_1_399' title='bbox 1086 4205 1120 4215; x_wconf 92' lang='grc'>-</span> <span class='ocrx_word' id='word_1_400' title='bbox 1139 4177 1163 4242; x_wconf 90' lang='grc'><strong>1)</strong></span> <span class='ocrx_word' id='word_1_401' title='bbox 1183 4176 1399 4227; x_wconf 65' lang='lat' dir='ltr'><strong>conterrent-</strong></span> <span class='ocrx_word' id='word_1_402' title='bbox 1418 4176 1444 4236; x_wconf 83' lang='lat'><strong>2)</strong></span> <span class='ocrx_word' id='word_1_403' title='bbox 1462 4175 1594 4225; x_wconf 79' lang='lat' dir='ltr'><strong>Praetori.</strong></span> 
     </span>
    </p>
   </div>
   <div class='ocr_carea' id='block_1_15' title="bbox 363 4285 1644 4526">
    <p class='ocr_par' dir='ltr' id='par_1_17' title="bbox 363 4285 1644 4526">
     <span class='ocr_line' id='line_1_39' title="bbox 449 4285 1643 4420; baseline -0.008 -20"><span class='ocrx_word' id='word_1_404' title='bbox 449 4337 537 4410; x_wconf 77' lang='lat'><strong>8270</strong></span> <span class='ocrx_word' id='word_1_405' title='bbox 569 4285 624 4398; x_wconf 75' lang='lat' dir='ltr'><strong>dis</strong></span> <span class='ocrx_word' id='word_1_406' title='bbox 646 4333 813 4420; x_wconf 66' lang='lat' dir='ltr'><strong>manibus!</strong></span> <span class='ocrx_word' id='word_1_407' title='bbox 843 4336 874 4398; x_wconf 86' lang='lat' dir='ltr'><strong>C.</strong></span> <span class='ocrx_word' id='word_1_408' title='bbox 898 4337 995 4398; x_wconf 86' lang='lat' dir='ltr'><strong>Mucio</strong></span> <span class='ocrx_word' id='word_1_409' title='bbox 1018 4335 1135 4399; x_wconf 87' lang='lat' dir='ltr'><strong>lanuar.</strong></span> <span class='ocrx_word' id='word_1_410' title='bbox 1161 4329 1166 4416; x_wconf 98' lang='grc' dir='ltr'>Ι</span> <span class='ocrx_word' id='word_1_411' title='bbox 1198 4334 1228 4395; x_wconf 86' lang='lat' dir='ltr'><strong>C.</strong></span> <span class='ocrx_word' id='word_1_412' title='bbox 1252 4333 1368 4394; x_wconf 87' lang='lat' dir='ltr'><strong>llucius</strong></span> <span class='ocrx_word' id='word_1_413' title='bbox 1392 4332 1547 4394; x_wconf 88' lang='lat' dir='ltr'><strong>Ianuarius</strong></span> <span class='ocrx_word' id='word_1_414' title='bbox 1568 4327 1643 4415; x_wconf 76' lang='lat' dir='ltr'><strong>lib}</strong></span> 
     </span>
     <span class='ocr_line' id='line_1_40' title="bbox 363 4429 1644 4526; baseline -0.01 -20"><span class='ocrx_word' id='word_1_415' title='bbox 363 4455 490 4526; x_wconf 88' lang='lat' dir='ltr'><strong>patrono</strong></span> <span class='ocrx_word' id='word_1_416' title='bbox 508 4443 621 4524; x_wconf 90' lang='lat' dir='ltr'><strong>optimo</strong></span> <span class='ocrx_word' id='word_1_417' title='bbox 641 4437 646 4522; x_wconf 96' lang='grc' dir='ltr'>Ι</span> <span class='ocrx_word' id='word_1_418' title='bbox 668 4434 731 4526; x_wconf 85' lang='lat' dir='ltr'><strong>[et]¹</strong></span> <span class='ocrx_word' id='word_1_419' title='bbox 756 4438 846 4500; x_wconf 90' lang='lat' dir='ltr'><strong>luliao</strong></span> <span class='ocrx_word' id='word_1_420' title='bbox 862 4439 1017 4501; x_wconf 85' lang='lat' dir='ltr'><strong>Secundae</strong></span> <span class='ocrx_word' id='word_1_421' title='bbox 1040 4438 1160 4517; x_wconf 80' lang='lat' dir='ltr'><strong>coning.</strong></span> <span class='ocrx_word' id='word_1_422' title='bbox 1180 4433 1185 4518; x_wconf 93' lang='grc' dir='ltr'>Ι</span> <span class='ocrx_word' id='word_1_423' title='bbox 1206 4456 1244 4498; x_wconf 92' lang='lat' dir='ltr'><strong>m.</strong></span> <span class='ocrx_word' id='word_1_424' title='bbox 1268 4442 1298 4495; x_wconf 90' lang='lat' dir='ltr'><strong>et</strong></span> <span class='ocrx_word' id='word_1_425' title='bbox 1312 4434 1368 4496; x_wconf 92' lang='lat' dir='ltr'><strong>sibi</strong></span> <span class='ocrx_word' id='word_1_426' title='bbox 1383 4435 1496 4496; x_wconf 88' lang='lat' dir='ltr'><strong>libertis</strong></span> <span class='ocrx_word' id='word_1_427' title='bbox 1515 4429 1644 4515; x_wconf 72' lang='lat' dir='ltr'><strong>libertal-</strong></span> 
     </span>
    </p>
   </div>
   <div class='ocr_carea' id='block_1_16' title="bbox 364 4532 1644 4796">
    <p class='ocr_par' dir='ltr' id='par_1_18' title="bbox 364 4532 1644 4796">
     <span class='ocr_line' id='line_1_41' title="bbox 364 4532 1490 4626; baseline -0.011 -17"><span class='ocrx_word' id='word_1_428' title='bbox 364 4548 451 4626; x_wconf 87' lang='lat' dir='ltr'><strong>busq.</strong></span> <span class='ocrx_word' id='word_1_429' title='bbox 474 4551 556 4625; x_wconf 87' lang='lat' dir='ltr'><strong>quiq.</strong></span> <span class='ocrx_word' id='word_1_430' title='bbox 580 4543 616 4604; x_wconf 90' lang='lat' dir='ltr'><strong>ab</strong></span> <span class='ocrx_word' id='word_1_431' title='bbox 639 4547 665 4605; x_wconf 89' lang='lat' dir='ltr'><strong>ls</strong></span> <span class='ocrx_word' id='word_1_432' title='bbox 686 4537 871 4625; x_wconf 75' lang='lat' dir='ltr'><strong>manumislsi</strong></span> <span class='ocrx_word' id='word_1_433' title='bbox 893 4540 1137 4614; x_wconf 65' lang='lat' dir='ltr'><strong>manumissam,</strong></span> <span class='ocrx_word' id='word_1_434' title='bbox 1158 4532 1355 4619; x_wconf 74' lang='lat' dir='ltr'><strong>posterislque</strong></span> <span class='ocrx_word' id='word_1_435' title='bbox 1377 4555 1490 4598; x_wconf 91' lang='lat' dir='ltr'><strong>eorum.</strong></span> 
     </span>
     <span class='ocr_line' id='line_1_42' title="bbox 450 4636 1644 4709; baseline -0.009 -12"><span class='ocrx_word' id='word_1_436' title='bbox 450 4645 549 4698; x_wconf 85' lang='lat' dir='ltr'><strong>llomoe</strong></span> <span class='ocrx_word' id='word_1_437' title='bbox 567 4644 605 4696; x_wconf 85' lang='lat' dir='ltr'><strong>od</strong></span> <span class='ocrx_word' id='word_1_438' title='bbox 619 4646 692 4694; x_wconf 86' lang='lat' dir='ltr'><strong>eiam</strong></span> <span class='ocrx_word' id='word_1_439' title='bbox 710 4640 905 4693; x_wconf 83' lang='lat' dir='ltr'><strong>Nomentanam</strong></span> <span class='ocrx_word' id='word_1_440' title='bbox 923 4658 979 4708; x_wconf 81' lang='lat' dir='ltr'><strong>rep.</strong></span> <span class='ocrx_word' id='word_1_441' title='bbox 999 4641 1054 4709; x_wconf 86' lang='lat' dir='ltr'><strong>(Vl</strong></span> <span class='ocrx_word' id='word_1_442' title='bbox 1067 4641 1130 4693; x_wconf 90' lang='grc'><strong><em>8404</em></strong></span> <span class='ocrx_word' id='word_1_443' title='bbox 1149 4639 1230 4690; x_wconf 83' lang='lat' dir='ltr'><strong>remei</strong></span> <span class='ocrx_word' id='word_1_444' title='bbox 1246 4641 1319 4689; x_wconf 83' lang='lat' dir='ltr'><strong>circa</strong></span> <span class='ocrx_word' id='word_1_445' title='bbox 1339 4654 1365 4689; x_wconf 89' lang='lat' dir='ltr'><strong>a.</strong></span> <span class='ocrx_word' id='word_1_446' title='bbox 1376 4636 1439 4688; x_wconf 85' lang='grc'><strong><em>4000</em></strong></span> <span class='ocrx_word' id='word_1_447' title='bbox 1457 4639 1548 4688; x_wconf 79' lang='lat' dir='ltr'><strong>neseio</strong></span> <span class='ocrx_word' id='word_1_448' title='bbox 1566 4651 1644 4703; x_wconf 77' lang='lat' dir='ltr'><strong>quam</strong></span> 
     </span>
     <span class='ocr_line' id='line_1_43' title="bbox 365 4727 960 4796; baseline -0.007 -14"><span class='ocrx_word' id='word_1_449' title='bbox 365 4737 490 4782; x_wconf 79' lang='lat' dir='ltr'><strong>accurate</strong></span> <span class='ocrx_word' id='word_1_450' title='bbox 509 4729 664 4796; x_wconf 82' lang='lat' dir='ltr'><strong>descripta).</strong></span> <span class='ocrx_word' id='word_1_451' title='bbox 681 4757 714 4768; x_wconf 87' lang='lat'><em>-</em></span> <span class='ocrx_word' id='word_1_452' title='bbox 734 4730 758 4792; x_wconf 94' lang='grc'><strong>1)</strong></span> <span class='ocrx_word' id='word_1_453' title='bbox 777 4727 813 4782; x_wconf 85' lang='lat' dir='ltr'><strong>Fl.</strong></span> <span class='ocrx_word' id='word_1_454' title='bbox 832 4728 960 4778; x_wconf 81' lang='lat' dir='ltr'><strong>traditur.</strong></span> 
     </span>
    </p>
   </div>
   <div class='ocr_carea' id='block_1_17' title="bbox 550 4813 1386 4826">
    <p class='ocr_par' dir='ltr' id='par_1_19' title="bbox 550 4813 1386 4826">
     <span class='ocr_line' id='line_1_44' title="bbox 550 4813 1386 4826; baseline -0.008 0"><span class='ocrx_word' id='word_1_455' title='bbox 550 4820 752 4826; x_wconf 70' lang='grc'><strong>...-.-.--..</strong></span> <span class='ocrx_word' id='word_1_456' title='bbox 765 4819 820 4824; x_wconf 71' lang='lat'><strong>--</strong></span> <span class='ocrx_word' id='word_1_457' title='bbox 830 4819 901 4824; x_wconf 78' lang='grc'><strong>--.</strong></span> <span class='ocrx_word' id='word_1_458' title='bbox 942 4813 1386 4823; x_wconf 70' lang='lat'><strong>--.....-.-..-—-———-—</strong></span> 
     </span>
    </p>
   </div>
   <div class='ocr_carea' id='block_1_18' title="bbox 0 0 1808 5426">
    <p class='ocr_par' dir='ltr' id='par_1_20' title="bbox 0 0 1808 5426">
     <span class='ocr_line' id='line_1_45' title="bbox 0 0 1808 5426; baseline 0 4"><span class='ocrx_word' id='word_1_459' title='bbox 0 0 1808 5426; x_wconf 95' lang='lat' dir='ltr'><strong> </strong></span> 
     </span>
    </p>
   </div>
  </div>
 </body>
</html>
